3990 6082
709 400 809 479 11131.
834 401 887 479 ll.
914 400 967 480 Dc
985 401 1265 482 vaccariam.
1777 407 1824 485 tl

141 567 445 661 constituendo,
476 563 559 642 sive
592 557 633 634 in
668 553 933 646 destituendo,
963 552 1167 646 mutando,
1196 551 1393 641 addendo,
1421 551 1481 629 vel
1515 552 1745 651 minuendo,
1777 556 1828 634 de

143 698 281 764 cetero
307 682 468 760 firmum
495 699 541 754 ac
568 668 711 752 stabile
746 678 995 769 permaneret
1028 697 1035 745 :
1075 691 1146 745 nec
1174 668 1308 745 liceret
1334 667 1448 745 311331
1489 677 1828 772 quantaecumque

145 799 398 880 auctoritatis
426 790 577 893 aliquid
605 806 743 864 eorum
771 785 994 880 immutare,
1024 806 1125 885 3333
1151 783 1229 884 ipsi
1257 791 1477 863 statuerunt
1503 786 1705 887 perpetuis
1731 797 1829 865 tem·

146 915 317 1018 poribus
335 927 607 1014 permansura.

202 1031 359 1109 Priores
392 1027 514 1128 igitur
553 1019 716 1122 praelati
754 1039 844 1095 cum
880 1015 963 1094 3313
1008 1014 1302 1107 Definitoribus,
1340 1015 1463 1115 gratia
1501 1014 1673 1117 Spiritus
1704 1021 1828 1099 sancti

150 1147 363 1237 invocata;
391 1139 585 1243 quasdam
622 1133 931 1214 constitutiones
962 1131 1010 1208 ad
1044 1131 1267 1226 utilitatem,
1296 1139 1334 1207 et
1367 1130 1626 1231 honestatem,
1665 1144 1703 1213 et
1737 1157 1829 1214 con-

152 1260 418 1342 servationem
443 1253 621 1346 Ordinis,
642 1249 856 1350 praemissa
883 1247 1060 1349 diligenti
1087 1247 1390 1340 examinatione,
1411 1247 1650 1328 unanimiter
1674 1259 1714 1329 et
1739 1274 1831 1330 con·

153 1379 330 1461 corditer
355 1375 565 1455 ediderunt
594 1398 601 1446 :
630 1393 727 1471 quas
760 1369 799 1444 in
835 1367 933 1445 locis
967 1368 1048 1444 suis
1082 1367 1185 1444 inter
1210 1367 1511 1446 constitutiones
1536 1367 1632 1448 31133
1659 1371 1851 1451 inserere

154 1500 433 1599 procurarunt.
458 1491 568 1568 luter
588 1486 676 1563 illas
701 1494 832 1563 autem
859 1483 1050 1584 quasdam
1077 1484 1287 1562 voluerunt
1312 1483 1606 1583 inviolabiliter,
1626 1495 1664 1565 et
1691 1487 1832 1566 immu-

155 1609 333 1690 tabiliter
355 1609 395 1684 in
418 1610 655 1708 perpetuum
679 1600 880 1679 observari
897 1628 908 1692 ;
933 1599 1116 1677 videlicet
1133 1601 1183 1677 de
1201 1599 1532 1698 possessionibus
1552 1612 1591 1680 et
1609 1602 1831 1682 redditibus

156 1724 385 1804 nullatenus
416 1719 611 1799 habendis
645 1717 706 1794 vel
744 1715 996 1815 recipiendis,
1031 1714 1080 1792 de
1111 1715 1442 1816 appellationibus
1471 1720 1756 1797 removendis:
1793 1729 1831 1799 et
1866 1736 1869 1740 ’

157 1838 272 1943 quod
301 1860 382 1916 non
416 1836 542 1938 possit
567 1856 638 1935 per
668 1832 822 1910 Fratres
850 1830 1088 1909 Definitores
1116 1831 1323 1910 Prioribus
1351 1833 1674 1932 Provincialibus,
1704 1859 1831 1936 neque

157 1979 232 2059 per
259 1954 417 2034 Priores
447 1946 713 2030 Provinciales
741 1945 943 2026 Fratribus
970 1946 1255 2027 Defimtoribus
1288 1948 1327 2025 in
1353 1949 1436 2027 suis
1462 1950 1760 2031 delinitionibus
1789 1952 1830 2028 in

158 2072 295 2172 aliquo
313 2066 601 2169 praejudicium
619 2063 812 2165 generari.

210 2185 413 2284 Quasdam
438 2205 529 2262 vero
565 2178 774 2259 voluerunt
800 2178 858 2258 sic
884 2178 1113 2259 immobiles
1142 2201 1401 2279 permanere;
1430 2190 1472 2259 ut
1505 2183 1663 2262 nonnisi
1693 2207 1714 2261 a
1739 2206 1832 2263 con-

161 2301 364 2382 similibus
387 2298 590 2400 Capitulis,
619 2296 731 2376 novis
758 2295 1051 2396 emergentibus
1076 2294 1266 2392 articulis,
1292 2297 1463 2395 casibus,
1491 2299 1551 2376 vel
1578 2300 1758 2396 negotiis,
1784 2300 1834 2379 de

162 2417 261 2520 ipsis
288 2416 414 2518 possit
438 2413 593 2515 aliquid
619 2435 691 2514 pro
721 2420 901 2513 tempore
927 2412 1160 2491 immutari:
1189 2411 1370 2491 videlicet
1396 2413 1445 2490 de
1475 2414 1833 2495 Constitutionibus

163 2555 244 2613 non
271 2530 471 2622 iaciendis,
492 2530 568 2608 nisi
593 2550 665 2630 per
681 2529 757 2606 tria
777 2526 953 2628 Capitula
974 2528 1181 2607 Generalia
1199 2529 1386 2608 continua
1402 2530 1547 2608 fuerint
1564 2530 1803 2631 approbatae
1819 2560 1830 2625 ;

166 2649 216 2729 de
247 2670 328 2727 non
361 2646 587 2747 equitando,
618 2646 669 2721 de
704 2645 887 2745 expensis
924 2665 1004 2722 non
1035 2645 1255 2747 portandis,
1293 2646 1343 2723 de
1374 2646 1574 2742 carnibus
1605 2647 1681 2724 nisi
1716 2669 1833 2726 causa

167 2762 418 2856 inbrmitatis,
454 2783 532 2840 non
558 2758 813 2838 comedendis
851 2787 859 2834 ε
897 2759 951 2838 113
976 2768 1120 2856 tamen
1154 2772 1197 2841 ut
1223 2763 1264 2838 in
1294 2763 1355 2839 bis
1382 2784 1455 2862 pro
1481 2760 1568 2841 loco
1595 2771 1633 2839 et
1657 2770 1834 2863 tempore

168 2878 347 2959 Praelato
363 2877 477 2956 113331
494 2876 736 2978 dispensare.

376 3057 444 3137 De
486 3057 910 3139 Visitatoribus:
949 3059 1278 3140 undecimum
1318 3061 1622 3162 Capitulum.

168 3259 410 3442 Sassuram,
434 3252 478 3320 ut
501 3251 670 3342 quatuor
699 3242 852 3321 Fratres
876 3242 924 3319 ad
952 3243 1191 3324 visitandum
1216 3244 1460 3324 Provinciam
1480 3246 1520 3320 in
1540 3242 1718 3345 Capitulo
1742 3242 1835 3320 Pro-

243 3358 395 3438 vinciali
424 3380 448 3435 3
473 3358 610 3437 Priore
643 3358 881 3437 Provinciali
909 3371 947 3437 31
976 3360 1259 3441 Definitoribus
1294 3362 1570 3463 assignentur;
1599 3359 1660 3437 vel
1688 3358 1832 3458 plures,

169 3475 382 3554 secundum
419 3475 526 3575 quod
559 3472 738 3575 Capitulo
774 3475 1011 3554 Provinciali
1053 3477 1252 3556 videbitur
1286 3477 1471 3578 expedire
1509 3507 1516 3554 :
1555 3476 1623 3577 qui
1657 3497 1836 3552 excessus

172 3593 351 3671 Priorum
381 3591 704 3671 conventualium
732 3603 770 3670 et
798 3592 976 3672 Fratrum
1004 3595 1169 3672 audiant
1195 3605 1233 3674 et
1259 3595 1482 3684 emendent,
1516 3593 1665 3694 absque
1698 3591 1838 3672 consti·

171 3709 343 3804 tutione,
371 3716 409 3786 et
434 3706 707 3787 immutatione
741 3718 864 3788 status
893 3711 1051 3789 domus.
1086 3712 1187 3791 Loca
1219 3735 1310 3790 vero
1342 3735 1410 3789 333
1443 3710 1591 3812 ubique
1620 3709 1836 3803 tenebunt,

172 3825 246 3902 nisi
272 3823 313 3900 in
335 3822 525 3926 Capitulo,
556 3823 652 3902 dnm
682 3825 814 3905 abeis
847 3825 1023 3907 officium
1055 3852 1146 3908 suae
1173 3829 1429 3908 correctionis
1459 3836 1698 3908 exercetur:
1733 3824 1840 3928 quod

173 3940 214 4019 in
236 3941 363 4020 tribus
387 3939 526 4019 diebus
552 3942 750 4020 continuis
778 3945 1024 4023 terminetur.
1048 3945 1089 4025 Si
1118 3968 1217 4048 3333
1244 3955 1373 4024 autem
1400 3945 1530 4048 gravia
1557 3955 1594 4024 et
1621 3943 1841 4047 periculosa

172 4056 390 4137 invenerint
415 4058 620 4137 emersisse
647 4080 669 4135 a
699 4068 879 4162 tempore
904 4063 1139 4142 visitationis
1172 4060 1311 4141 ultimo
1342 4063 1463 4141 factae
1490 4085 1562 4165 per
1589 4061 1840 4140 Visitatorem

173 4172 481 4276 praecedentem,
511 4173 603 4253 licet
629 4187 804 4256 correcta
831 4177 979 4258 fuerint
1009 4208 1017 4256 :
1050 4179 1311 4259 nibilominus
1338 4202 1428 4259 cum
1455 4180 1683 4260 testimonio
1718 4176 1839 4280 partis

174 4288 333 4391 majoris
364 4286 531 4390 Capituli
569 4291 751 4373 studeant
776 4294 1013 4375 denuntiare
1036 4298 1240 4400 Magistro,
1276 4307 1314 4377 et
1347 4297 1632 4377 Definitoribus
1673 4291 1838 4399 Capitqli

175 4403 385 4500 Generalis,
405 4405 464 4482 vel
494 4403 615 4485 Priori
647 4408 895 4508 Provinciali,
922 4423 961 4492 et
991 4413 1279 4494 Definitoribus
1307 4414 1478 4518 Capituli
1515 4413 1787 4508 Provincialis,
1808 4409 1841 4487 si

175 4521 231 4599 ibi
249 4520 434 4599 Generale
451 4519 672 4623 Capitulum
695 4549 772 4606 non
792 4527 911 4608 fuerit
927 4530 1223 4611 celebrandum.

217 4635 439 4715 visitatores
456 4649 679 4738 praesentes
696 4644 831 4742 verbo,
847 4647 1031 4728 absentes
1051 4650 1216 4752 scripto,
1233 4651 1376 4730 3313333
1394 4650 1539 4731 debent
1558 4647 1844 4729 Definitoribus

177 4751 429 4834 Provincialis
461 4753 644 4857 Capituli,
675 4762 734 4839 vel
770 4764 976 4844 Generalis
1003 4792 1094 4847 cum
1122 4770 1161 4847 in
1191 4795 1260 4850 333
1290 4772 1495 4851 Provincia
1529 4771 1764 4865 celebratur,
1795 4764 1843 4842 de

178 4872 241 4969 113,
274 4891 372 4971 3333
404 4869 657 4966 visitaverint,
679 4876 882 4961 Fratribus
912 4911 919 4959 :
955 4885 987 4961 si
1022 4885 1062 4964 in
1093 4912 1189 4990 pace
1219 4891 1410 4987 continui,
1442 4891 1483 4969 in
1515 4889 1647 4970 studio
1679 4881 1843 4978 assidui,

179 4987 220 5065 in
243 4983 528 5088 praedicatione
553 4989 770 5089 servantem
793 5021 893 5101 quae
917 5001 967 5079 de
996 5004 1052 5083 eis
1080 5007 1195 5104 fama,
1219 5008 1308 5109 3313
1335 5010 1512 5088 fructus:
1540 5008 1571 5086 si
1599 5006 1640 5083 in
1666 5004 1783 5096 victu,
1809 5005 1847 5076 31

178 5103 331 5199 3331113,
358 5109 395 5180 31
420 5102 506 5181 31113
543 5110 759 5190 secundum
790 5124 972 5197 tenorem
1009 5123 1311 5206 Institutionum
1339 5130 1438 5208 ordo
1467 5136 1651 5206 servetur.
1691 5120 1847 5197 Priores

178 5218 640 5349 331313333313313333,
673 5237 711 5306 31
739 5230 980 5337 8333313333
1011 5268 1018 5317 :
1050 5243 1091 5319 in
1120 5244 1349 5326 visitatores
1382 5245 1605 5326 nullatenus
1636 5238 1844 5340 eligantur.

178 5333 299 5438 Quod
324 5356 354 5412 sl
378 5356 468 5464 3313
494 5336 691 5443 visitator,
712 5362 927 5453 antequam
957 5361 1100 5459 visitet,
1140 5363 1201 5443 vel
1229 5364 1270 5442 in
1297 5364 1382 5469 ipsa
1408 5362 1644 5455 visitatione,
1664 5356 1704 5433 in
1742 5352 1849 5431 Prio

176 5474 268 5538 rem
294 5448 404 5529 luent
430 5449 571 5536 electus
598 5468 637 5539 et
665 5465 936 5572 confirmatus,
967 5478 1028 5558 vel
1058 5491 1250 5583 mortuus,
1280 5483 1344 5562 vel
1366 5482 1464 5563 alias
1489 5473 1732 5583 impeditus:
1760 5488 1848 5571 pro

173 5569 312 5657 videat
336 5565 445 5645 Prior
469 5568 722 5659 Provincialis
750 5585 800 5664 de
824 5589 902 5671 3113
934 5595 1084 5699 Fratre,
1117 5603 1188 5707 qui
1216 5602 1347 5685 visitet
1372 5601 1462 5683 loco
1486 5600 1658 5705 3133,
1732 5670 1761 5679 ..

230 5687 469 5749 muratos.
493 5692 602 5754 3333.
1635 5692 1662 5797 s

1660 5802 1817 5817 dan—u..
