3990 6082
154 365 177 442 8
478 370 575 451 Drst.
597 372 628 450 f.
653 370 706 450 De
722 371 859 472 Officio
881 370 1089 468 Ecclesiae,
1107 379 1144 450 et
1158 360 1500 452 lucliuaticuil'ras.

156 523 480 603 communitatem
521 521 734 600 involvant.
768 519 881 599 Nulla
915 543 1075 623 quoqne
1111 529 1302 622 potestate
1340 521 1381 599 in
1415 521 1573 601 Ordine
1609 525 1812 603 nostruin

155 640 358 719 communi
392 638 453 717 vel
483 639 524 714 in
550 637 779 737 particulari
806 635 960 737 aliquid
988 637 1194 716 ordinetur
1219 636 1280 716 sel
1308 637 1571 739 prohibeatur
1599 667 1608 715 :
1638 659 1729 717 cum
1753 639 1813 718 bac

156 776 315 854 poena,
356 753 463 854 quod
500 774 583 831 nou
609 752 732 853 possit
758 751 909 831 absolvi
937 776 958 831 a
985 752 1157 853 peccatis
1184 752 1279 830 suis.
1312 753 1471 831 Priores
1498 763 1634 832 tamen
1664 764 1814 855 possunt

155 870 310 970 aliquos
350 868 634 948 determinatos
676 889 790 946 msus
829 868 977 968 peccati
1008 867 1188 947 mortalis
1212 868 1289 946 sibi
1317 890 1517 946 reservare
1548 898 1556 945 :
1591 878 1637 949 ut
1662 868 1814 947 viderint

156 985 340 1087 expedire
365 983 586 1062 animabus.
618 984 782 1061 Librum
809 991 939 1062 autem
958 983 1078 1062 istum
1096 982 1309 1083 diligenter
1324 983 1641 1085 conscripsimus
1659 1012 1669 1060 ε
1689 985 1729 1060 in
1747 1005 1814 1084 quo

156 1102 252 1179 duas
286 1099 573 1179 Distiuctiones
608 1097 897 1180 adnotavimus.

739 1309 1034 1393 DISTINCTlO
1063 1310 1234 1392 PRIMA.

386 1525 450 1603 De
476 1524 655 1622 officio
681 1525 966 1605 Ecclesiae:
990 1525 1216 1626 primum
1251 1523 1607 1626 Capitulum.

159 1737 345 1917 Annua
389 1723 521 1823 primo
563 1722 674 1824 signo
711 1732 870 1823 surgant
912 1724 1100 1802 Fratres:
1132 1731 1171 1802 et
1203 1725 1346 1804 stando
1381 1726 1515 1804 dicant
1552 1722 1739 1803 Officium
1774 1722 1814 1803 de

263 1838 376 1915 beata
408 1837 564 1939 Virgine
602 1862 674 1940 pro
709 1847 901 1940 tempore.
935 1838 1150 1944 Matutinus
1180 1848 1326 1937 autem,
1357 1847 1396 1919 et
1420 1841 1597 1937 Missam,
1627 1848 1667 1920 et
1693 1860 1815 1919 omnes

156 1952 253 2031 alias
284 1952 412 2030 Horas
438 1951 657 2031 Canonicas
685 1953 803 2032 simul
838 1953 1000 2033 audiant
1021 1953 1175 2033 Fratres
1208 1956 1333 2035 nostri
1365 1985 1372 2032 :
1404 1956 1481 2034 nisi
1510 1978 1602 2035 cum
1631 1952 1816 2057 aliquibus

156 2067 358 2147 Praelatus
385 2067 499 2145 aliter
526 2069 756 2170 dispensare
780 2069 962 2148 voluerit.
994 2069 1123 2147 Horae
1150 2091 1289 2147 omnes
1315 2082 1397 2161 tam
1424 2071 1518 2168 diei,
1535 2093 1659 2172 quam
1687 2070 1814 2164 noctis,

156 2184 197 2261 in
231 2183 405 2261 Ecclesia
433 2182 603 2261 breviter
633 2193 672 2264 et
705 2185 901 2263 succincte
927 2184 1058 2263 taliter
1082 2185 1265 2264 dicantur
1278 2215 1288 2278 ;
1320 2208 1369 2264 ne
1401 2188 1555 2265 Fratres
1580 2185 1816 2265 devotionem

156 2300 338 2378 amittant
367 2328 374 2375 :
405 2304 443 2376 et
475 2297 651 2377 studium
678 2323 814 2379 eorum
842 2300 1008 2377 minime
1033 2299 1287 2400 impediatur.
1317 2302 1435 2409 Quod
1464 2302 1517 2380 ita
1545 2300 1721 2380 dicimus
1744 2321 1817 2380 esse

156 2415 379 2494 faciendum
411 2443 418 2491 :
448 2425 490 2493 ut
533 2416 575 2492 in
624 2416 755 2494 medio
804 2418 947 2494 Versus
990 2424 1161 2493 metrum
1207 2438 1297 2493 cum
1333 2439 1456 2519 pausa
1500 2427 1681 2496 servetur
1698 2445 1709 2509 ;
1749 2438 1816 2493 oon

156 2529 426 2632 protrahendo
462 2553 597 2609 vocem
630 2536 671 2607 in
704 2555 858 2632 pausa,
893 2531 955 2608 vel
991 2532 1031 2606 in
1071 2530 1149 2607 fine
1182 2531 1325 2610 Versus
1357 2561 1364 2609 :
1396 2531 1496 2627 sed,
1536 2533 1641 2611 sicut
1681 2531 1815 2610 dictum

158 2655 230 2744 est,
262 2645 432 2723 breviter
471 2655 509 2724 et
539 2649 737 2725 succincte
771 2647 1018 2726 terminetur.
1052 2646 1138 2724 lloe
1173 2654 1304 2724 autem
1335 2648 1461 2749 magis
1487 2655 1526 2726 et
1555 2648 1691 2726 minus
1720 2676 1728 2724 :
1755 2667 1815 2748 pro

158 2771 337 2861 tempore
372 2761 616 2840 observetur.

206 2879 411 2978 Tempore,
448 2899 527 2976 quo
562 2877 624 2954 bis
657 2876 887 2954 reficiuntur
922 2877 1090 2972 Fratres,
1129 2877 1281 2977 legatur
1314 2884 1403 2954 ante
1434 2874 1752 2976 Completorium
1781 2874 1813 2950 in

159 2992 331 3072 Ecclesia
345 2992 477 3069 Lectio
497 3021 503 3068 :
526 2992 684 3069 Fratres
703 2991 823 3070 sobrii
840 2999 969 3070 estote.
991 2993 1039 3070 Et
1056 2992 1155 3070 facta
1170 2991 1440 3089 Confessioue,
1460 2999 1499 3069 et
1517 2991 1629 3071 dicto
1648 2989 1814 3092 Comple-

157 3109 260 3187 torio
282 3136 289 3183 :
311 3107 389 3204 det,
417 3108 483 3207 qui
508 3116 674 3207 praeest,
695 3107 1033 3203 Benedictionem,
1054 3115 1092 3185 et
1112 3103 1456 3185 Hebdomadarius
1476 3107 1632 3207 Aquam
1653 3111 1816 3208 aspergat

158 3223 417 3301 benedictam.
451 3224 588 3301 Postea
616 3222 770 3299 dicatur
799 3222 918 3301 Pater
943 3231 1085 3319 cesar,
1109 3232 1147 3301 et
1175 3222 1299 3302 Credo
1324 3223 1370 3300 iu
1396 3223 1545 3301 Deum:
1573 3221 1685 3324 qnod
1712 3221 1812 3300 etiam

158 3339 243 3416 fieri
278 3337 396 3416 debet
430 3349 519 3416 ante
554 3339 740 3434 Primam,
778 3348 815 3416 et
847 3347 938 3417 ante
974 3339 1202 3416 Matutinus.

207 3442 349 3532 Totum
368 3452 551 3532 Officium
573 3463 651 3531 tam
671 3451 875 3547 diurnum,
896 3474 1014 3553 quam
1035 3464 1287 3551 nocturnum,
1309 3453 1525 3533 secundum
1542 3456 1814 3534 correctionem

159 3580 197 3647 et
232 3567 525 3646 ordinationem
564 3566 806 3647 Venerabilis
842 3568 968 3646 Patris
1007 3568 1156 3647 Fratris
1192 3569 1403 3648 Hnmberti
1448 3570 1627 3672 Magistri
1670 3569 1814 3648 Ordinis

162 3685 286 3763 nostri
323 3684 634 3777 confirmamus;
664 3692 702 3761 et
744 3683 925 3762 volumus
952 3684 1205 3763 uniformiter
1224 3686 1273 3763 ab
1297 3685 1484 3764 omnibus
1507 3686 1710 3765 observari
1739 3716 1747 3763 :
1773 3686 1817 3762 its

161 3800 268 3901 quod
302 3799 401 3878 nulli
433 3801 544 3879 liceat
571 3796 723 3902 aliquid
748 3798 798 3875 de
825 3807 955 3878 cetero
983 3800 1183 3878 innotare.
1215 3800 1369 3879 Fratres
1397 3801 1521 3880 nostri
1552 3824 1634 3880 non
1662 3802 1816 3882 babeant

160 3916 202 3993 in
225 3914 410 3993 domibus
438 3917 613 3995 nostris:
646 3915 721 3993 uisi
748 3936 869 3993 unam
892 3938 1125 4018 campanam
1143 3915 1193 3995 ad
1216 3939 1356 3996 omnes
1377 3918 1518 4003 Horas.
1539 3919 1660 3999 Solus
1674 3916 1816 3999 Hebdo

163 4031 363 4109 madarins
396 4040 475 4109 tam
513 4033 552 4109 in
593 4033 738 4129 Cboro,
775 4055 896 4133 quam
924 4033 966 4109 in
999 4032 1255 4112 Processione
1285 4062 1293 4109 ε
1323 4056 1447 4136 cappa
1476 4034 1602 4113 serica
1634 4038 1773 4115 utatur.

337 4247 405 4326 De
433 4246 972 4326 laeliuuticue'bas:
1003 4246 1293 4325 secuudum
1321 4243 1656 4345 Capitulum.

222 4469 330 4527 rums
356 4447 559 4527 Matutinis
586 4446 636 4524 de
663 4445 777 4524 beata
809 4445 999 4545 Virgine:
1031 4443 1191 4546 quando
1212 4443 1364 4521 Fratres
1382 4443 1425 4519 iu
1443 4444 1613 4522 chorum
1633 4448 1813 4542 venerint,

156 4471 218 4641 F
245 4561 435 4639 inclinent
460 4570 550 4640 ante
576 4561 699 4639 altare
726 4560 933 4661 profunde.
964 4561 1011 4638 Et
1036 4582 1126 4638 cum
1150 4559 1198 4636 ad
1227 4557 1340 4636 sedes
1367 4580 1456 4636 suas
1484 4560 1698 4640 venerint:
1726 4562 1816 4643 facto

154 4678 313 4778 signos
342 4677 536 4774 Praelata,
567 4678 679 4755 flexis
706 4676 901 4776 genibuS‚
931 4685 969 4754 et
995 4674 1182 4776 prostrati
1211 4673 1529 4775 supersumus,
1559 4675 1622 4754 vel
1649 4677 1817 4758 inclinati

154 4791 364 4892 profunde,
397 4815 469 4893 pro
496 4801 690 4894 tempore,
719 4793 853 4871 dicant
886 4793 1005 4870 Pater
1029 4798 1171 4888 mater,
1210 4797 1248 4868 et
1276 4789 1400 4869 Credo
1431 4791 1477 4868 iu
1504 4788 1647 4871 Deum.
1677 4794 1817 4874 lterum

153 4907 255 4986 facto
292 4908 404 5008 signo
442 4931 464 4985 a
501 4909 681 4987 Praelato
707 4938 714 4985 :
745 4916 920 5009 surgant.

206 5024 313 5103 Hora
349 5024 480 5125 itaque
502 5024 641 5104 devote
664 5025 860 5125 incoepta,
886 5022 989 5101 versi
1013 5021 1063 5099 ad
1089 5024 1224 5118 altere,
1248 5021 1430 5099 muniant
1455 5042 1497 5098 se
1524 5023 1640 5125 signo
1666 5024 1816 5117 Crucis;

152 5148 190 5217 et
217 5140 266 5217 ad
295 5139 431 5219 Gloria
457 5141 571 5220 Patri
597 5141 762 5220 inclinet
788 5140 943 5219 Chorus
969 5146 1106 5216 contra
1132 5136 1306 5216 Cborum
1336 5134 1547 5236 profunde,
1564 5139 1629 5217 vel
1655 5154 1817 5243 proster-

153 5266 248 5334 nant
265 5279 306 5334 se
324 5279 397 5358 pro
417 5266 595 5357 tempore
616 5287 623 5334 :
646 5280 771 5358 usqne
791 5256 841 5334 ad
857 5255 967 5335 Sicut
979 5262 1076 5332 erat.
1097 5253 1183 5331 Hoc
1200 5251 1318 5331 etiam
1330 5250 1555 5331 faciendum
1575 5265 1650 5354 est,
1669 5261 1817 5360 quoties

151 5377 270 5456 Pater
295 5387 438 5470 cesar,
468 5389 506 5457 et
529 5379 651 5458 Crede
665 5380 710 5458 ire
731 5379 857 5456 Deum
872 5375 1085 5453 dicuntur:
1109 5372 1186 5449 nisi
1215 5372 1256 5449 in
1274 5373 1406 5467 Missa,
1426 5381 1465 5451 et
1481 5382 1585 5479 aute,
1599 5377 1817 5480 Lectiones,

152 5504 190 5568 et
220 5492 259 5567 in
284 5495 496 5593 gratiarum
520 5496 684 5596 actione)
704 5495 779 5587 3‘in
805 5492 951 5595 quibus
978 5489 1218 5567 inclinamus
1243 5487 1374 5567 solum
1400 5489 1448 5567 ad
1473 5502 1692 5596 utrumque
1707 5500 1820 5579 Pater
