3990 6082
101 106 362 213 Ordinem
392 144 423 211 a
448 92 779 215 Visitatione
806 115 980 216 beetae
1016 113 1201 216 Mariae
1239 111 1631 246 nuncupetum
1668 110 1757 208 in-
1780 125 1900 196 nautis

96 256 304 355 stituit:
331 271 384 357 et
410 256 582 355 multa
605 258 769 358 millia
791 258 1173 362 hoereticorum
1191 254 1490 379 Catholicae
1515 251 1644 355 fidei
1670 216 1911 389 ag-{issi'

90 400 353 534 gregivit.
377 395 558 519 Quem
580 397 706 503 Pius
726 402 916 506 Nouus
940 411 1004 504 eit
1034 402 1319 506 sociorum
1339 397 1571 500 Rituum
1609 395 1756 500 Con·
1769 389 1897 543 ,igffllfi'

85 543 425 676 gregationis
452 547 719 667 consulto,
742 547 1055 650 uuiversilis
1075 545 1332 650 Ecclesiae
1354 541 1647 645 Doctorem
1669 540 1829 643 dedas
1852 562 1912 660 ta-

80 689 329 791 clartivit.
359 687 577 789 Festum
600 690 826 830 Duplex.
857 695 1039 793 iiomae
1057 688 1143 793 vio
1165 689 1541 791 Nomenta‘ua:
1570 669 1893 788 nattiiis¹¹¹¹⁸¹¹'‘

20 856 25 861 ·
73 833 412 936 sauctorum
435 834 743 972 martyrum
771 825 947 973 Papiae
969 853 1023 935 et
1044 834 1220 937 Mauri
1243 831 1499 941 miiitum,
1515 834 1761 967 te'mpore
1787 966 1789 970 ,

75 974 422 1080 Diocletitini
453 977 813 1114 imperatoris.
848 978 1098 1101 Quorum
1141 1011 1235 1079 ora
1272 975 1433 1112 jussit
1472 971 1775 1076 Laodicius·
1869 1017 1874 1023 ’

76 1117 264 1224 Urbis
286 1119 576 1258 praefectus
596 1121 662 1223 ad
692 1124 923 1260 primam
966 1121 1169 1224 Christi
1201 1117 1593 1223 confessionem
1632 1119 1761 1254 lapi-

71 1263 264 1368 dibus
291 1262 578 1379 contundi,
603 1284 664 1382 et,
683 1267 759 1370 sic
781 1302 870 1370 eos
891 1269 946 1368 iu
978 1268 1246 1370 corcercm
1281 1261 1449 1383 trudi,
1472 1294 1535 1364 ac
1573 1263 1758 1398 posteo

68 1408 693 1545 fustibus-caeduntque
715 1409 784 1512 ad
808 1409 1375 1549 ultimumpiumhetis
1395 1406 1609 1544 percuti
1632 1437 1642 1506 :
1667 1404 1762 1508 do·

69 1588 198 1656 nec
223 1554 574 1691 exspirtireot.
603 1557 831 1659 Perrisiae
855 1587 865 1656 :
890 1557 1062 1658 sancti
1085 1551 1391 1655 (Jonsttintii
1425 1549 1680 1687 Episcopi
1709 1567 1761 1652 et

66 1699 366 1837 mortyris,
396 1698 494 1834 qui
519 1719 629 1800 uua
657 1733 782 1802 cum
811 1699 969 1803 sociis
994 1700 1099 1802 sub
1118 1697 1305 1799 Marco
1328 1695 1547 1796 Aurelio
1585 1694 1761 1830 impe-

64 1844 278 1945 ratore
296 1843 370 1944 ob
391 1841 517 1945 fidei
542 1840 918 1948 defensionem
944 1843 1187 1982 martyrii
1231 1839 1491 1943 coronam
1531 1838 1757 1974 accepit.

62 1984 150 2087 Ιι]
175 1985 496 2117 Themide:
529 1986 721 2090 uota'lis
741 1989 884 2092 beriti
913 1988 1062 2089 Pauli
1096 1987 1259 2124 primi
1282 1983 1554 2086 Eremitae.
1584 1980 1693 2104 Qui
1734 2017 1761 2082 a
1883 1989 1886 1998 '

49 2128 469 2235 sextodecimo
491 2132 665 2235 aettitis
683 2166 796 2235 suae
822 2165 970 2262 amio
992 2126 1257 2267 usquead
1283 2128 1644 2232 cente'simum
1673 2124 1764 2229 de·

57 2276 531 2379 eimumtertium
555 2277 700 2378 solus
720 2279 774 2377 in
799 2281 981 2380 eremo
995 2275 1319 2413 permensit:
1341 2270 1497 2405 cujus
1523 2269 1759 2371 enimam

73 2418 241 2522 inter
267 2418 654 2559 Apostolorum
686 2440 739 2523 et
780 2420 1183 2558 Prophettirum
1215 2418 1412 2520 choros
1451 2413 1517 2515 ad
1561 2416 1758 2516 coelum

82 2562 219 2667 ferri
234 2564 306 2666 ab
320 2563 538 2697 Angelis
551 2582 771 2667 sanctus
785 2564 1062 2667 Antonius
1076 2558 1395 2665 viditObiit
1415 2577 1614 2693 quarto
1638 2558 1764 2658 idus

58 2706 338 2809 -Janmirii
365 2739 375 2808 :
404 2705 498 2810 sed
521 2709 636 2843 ejus
656 2707 915 2811 festivitas
935 2713 1041 2811 hac
1064 2706 1153 2810 dic
1173 2706 1447 2809 recolitur.
1483 2713 1763 2816 Memoria,

61 2850 313 2960 Edessae
332 2852 386 2952 io
411 2847 562 2989 Syria
589 2884 597 2951 :
621 2854 938 2956 sauctorum
961 2854 1264 2992 mertyrum
1288 2847 1531 2967 Subdu,
1555 2864 1607 2950 et
1633 2844 1763 2948 Beir-

73 2992 215 3099 lteae
242 2994 438 3099 sororis
465 2994 596 3128 ejus.
621 2995 731 3119 Qui
752 3032 780 3098 a
801 3000 964 3100 bea‘to
984 2989 1275 3101 Barsimaeo
1298 2993 1569 3130 Episcopo
1592 2989 1767 3130 bapti·

76 3140 203 3240 zeti
221 3171 231 3240 :
249 3141 305 3241 iu
327 3140 941 3279 persecutioueTrajtiui
965 3144 1071 3245 sub
1085 3142 1242 3280 Lysia
1256 3136 1486 3276 praeside
1502 3134 1763 3272 martyrio

89 3285 344 3385 corouiti
368 3302 512 3385 sunt.
539 3296 598 3397 ln
625 3288 899 3390 territorio
920 3286 1225 3391 Tricassiuo
1250 3315 1259 3383 :
1282 3282 1453 3384 sancti
1482 3277 1761 3383 Sabiniani

102 3428 373 3568 ma'rtyris⁹
413 3429 511 3562 qui
543 3428 777 3565 jubente
806 3432 1104 3535 Aureliiuo
1130 3427 1479 3566 imperatore,
1512 3455 1611 3561 pro
1654 3418 1764 3524 fide

103 3568 307 3675 Christi
329 3570 629 3676 decoliottrs
656 3592 751 3677 cst.
776 3576 1043 3691 Treviris:
1074 3571 1345 3713 depositio
1377 3568 1521 3672 beriti
1560 3563 1761 3667 Valerii

111 3713 638 3854 Episcopi‚discipuii
658 3723 828 3823 sancti
854 3722 993 3824 Petri
1012 3718 1274 3859 Apostoli.
1298 3711 1459 3851 Apud
1482 3711 1761 3814 Bituricas:

105 3862 277 3963 sancti
296 3859 511 3995 Sulpitii
535 3858 711 3964 Sevc‘ri
740 3864 1019 4002 Episcopi.
1042 3861 1295 4001 discipuli
1325 3858 1494 3960 sancti
1526 3854 1761 3963 Martini.

111 4004 399 4107 virtutibus
421 4022 476 4106 et
506 4006 817 4114 eruditione
845 4011 1146 4148 conspicui.
1177 4024 1301 4123 item
1329 4036 1339 4105 :
1366 4000 1570 4106 Octeiva
1592 4000 1760 4103 sancti

109 4141 385 4262 Vincentii
411 4146 636 4253 Diocoui
658 4171 711 4257 ct
732 4156 1001 4285 mertyris
1035 4171 1312 4271 Mentoris
