3990 6082
172 393 219 474 lo
787 382 886 464 bot.
910 384 940 461 l.
965 382 1018 461 De
1037 378 1226 500 ‘iejuniis

169 544 258 623 licia
289 542 468 638 Ordinis,
495 537 669 617 Clericus
693 535 944 630 Psalterium,
976 529 1169 611 Sacerdos
1197 543 1276 609 tres
1300 529 1469 610 Missas:
1501 533 1609 610 Laici
1635 534 1825 636 quingenta

168 661 285 740 Pater
309 666 439 739 ametor
469 656 616 734 dicant.
651 654 758 732 ldem
791 652 906 730 faciat
935 648 1105 751 quilibet
1138 649 1271 727 Frater
1298 669 1370 749 pro
1405 646 1595 727 defuncto
1625 649 1754 730 Fratre
1778 654 1824 730 sni

167 777 422 865 Conventus;
450 781 488 851 et
521 772 625 848 idem
659 770 725 849 liat
754 791 825 869 per
854 777 980 846 totum
1011 764 1203 842 Ordinem
1228 786 1302 866 pro
1336 765 1523 865 Magistro
1552 766 1715 845 Ordinis
1734 798 1741 844 :
1760 780 1825 847 eta

166 888 579 994 Comprovincialibus
610 909 683 986 pro
715 886 850 962 Priore
885 881 1121 961 Provinciali
1149 880 1350 959 defuncto.
1382 879 1489 957 ldem
1526 883 1649 960 etiam
1677 884 1743 962 fiat
1770 908 1826 984 per

165 1020 290 1087 totum
319 1006 506 1085 Ordinem
540 1026 611 1105 pro
643 1001 855 1079 Definitore
883 998 1051 1099 Capituli
1079 997 1295 1092 Generalis,
1326 995 1387 1075 vel
1414 997 1533 1077 Socio
1568 1001 1683 1098 ejus:
1710 1011 1747 1079 et
1770 1023 1826 1101 pro

170 1123 415 1202 Electoribus
444 1120 616 1221 Magistri
645 1116 822 1210 Ordinis,
851 1125 888 1193 et
912 1113 1029 1193 Socio
1059 1115 1206 1192 Prioris
1236 1113 1494 1191 Prouincialis
1532 1116 1669 1192 euntis
1695 1119 1742 1193 ad
1773 1116 1827 1195 Ca·

167 1240 334 1343 pitulum
372 1235 563 1317 Cerrerale
592 1264 598 1311 :
631 1234 664 1311 si
691 1234 861 1332 aliquem
895 1253 1031 1310 eorum
1061 1231 1101 1306 in
1139 1230 1213 1325 via,
1241 1229 1299 1308 vel
1328 1232 1368 1305 in
1396 1230 1485 1330 ipso
1525 1229 1712 1333 Capitulo
1742 1234 1826 1311 mori

168 1357 388 1457 contigerit.
421 1354 528 1432 ldem
559 1351 675 1428 etiam
706 1349 769 1425 liat
798 1371 869 1448 pro
900 1348 1159 1425 Procuratore
1181 1345 1377 1424 Ordinis:
1402 1346 1435 1423 si
1457 1346 1498 1422 in
1525 1347 1651 1426 Curia
1673 1349 1827 1428 uonna

168 1473 208 1550 in
237 1469 531 1551 Procurationis
555 1465 686 1546 officio
715 1464 891 1541 decedat.
919 1464 1026 1542 ldem
1063 1465 1183 1542 etiam
1218 1464 1282 1541 fiat
1319 1486 1391 1564 pro
1426 1463 1640 1545 Visitatore
1666 1491 1689 1546 a
1715 1468 1827 1547 Oomi·

171 1590 256 1685 buS,
287 1609 386 1690 quas
410 1585 569 1663 visitare
598 1583 714 1658 debet
744 1609 750 1654 :
781 1581 812 1657 si
842 1581 880 1656 in
915 1581 1139 1659 visitatione
1167 1581 1373 1659 moriatur.

218 1703 393 1800 Quilibet
431 1699 622 1779 Sacerdos
658 1695 826 1774 celebret
861 1697 1021 1796 triginta
1053 1696 1187 1773 Missas
1222 1698 1262 1772 in
1303 1719 1407 1776 anuo
1447 1720 1521 1798 pro
1558 1700 1827 1795 Fratribus,et

168 1820 380 1900 Sororibus
410 1817 554 1895 ilustris
582 1811 811 1891 defunctis:
841 1821 878 1888 et
905 1811 1074 1913 quilibet
1109 1811 1285 1890 Clericus
1311 1813 1470 1915 triginta
1505 1813 1663 1894 vicibus
1697 1815 1825 1917 Septa
1859 1871 1861 1876 -

170 1938 343 2015 Psalmos
363 1962 375 2025 ;
397 1944 432 2010 et
457 1932 626 2033 quilibet
651 1931 871 2007 Conversus
891 1928 1050 2029 triginta
1071 1928 1224 2006 vicibus
1242 1939 1400 2008 centum
1424 1931 1543 2009 Patet·
1560 1941 1693 2011 nmter
1709 1931 1825 2010 dicat:

167 2063 205 2130 et
232 2051 400 2152 quilibet
428 2052 653 2126 Conventus
684 2045 819 2146 viginti
848 2045 987 2123 Missas
1014 2045 1054 2120 in
1082 2046 1298 2123 communi.
1331 2046 1658 2126 Anniversarium
1688 2048 1825 2126 Patron

166 2180 202 2246 et
231 2170 415 2254 Matium,
446 2165 557 2242 tertia
583 2164 648 2240 die
677 2172 765 2262 post
806 2160 1124 2239 Purilicationem
1161 2161 1294 2239 beatae
1327 2162 1470 2240 Mariae
1505 2162 1728 2266 Virginis:
1761 2164 1827 2241 An·

166 2283 423 2363 niversarium
449 2303 541 2358 vero
571 2278 862 2356 benefactorum
891 2284 929 2353 et
955 2275 1229 2373 familiarium,
1251 2279 1430 2378 sequenti
1458 2276 1524 2357 die
1552 2291 1647 2380 post
1664 2279 1826 2358 Octavam

164 2400 266 2478 beati
295 2398 531 2498 Augustini;
560 2393 885 2473 Anniversarium
912 2414 1004 2470 vero
1036 2394 1214 2470 Fratrum
1243 2404 1281 2471 et
1314 2393 1520 2490 Sororum,
1564 2396 1746 2496 sequenti
1775 2394 1825 2472 die

165 2525 256 2615 post
274 2516 413 2593 festum
443 2512 563 2590 sancti
586 2508 766 2609 Dionysii
790 2519 848 2585 est
868 2507 1089 2584 laciendum
1113 2536 1119 2582 :
1141 2511 1457 2588 Anniversarium
1478 2510 1645 2589 demum
1666 2512 1825 2590 omnium

163 2631 408 2731 sepultorum
438 2630 477 2704 in
507 2624 764 2704 Coemeteriis
792 2624 952 2717 uostris,
985 2623 1134 2723 ubique
1168 2625 1235 2702 liat
1270 2625 1507 2705 duodecima
1542 2626 1656 2706 tulit.
1688 2620 1825 2705 ‘Fratre

162 2769 253 2827 vero
281 2746 405 2825 nostri
437 2775 443 2819 :
477 2765 686 2822 numerum
711 2740 918 2817 blissarum
948 2761 1026 2817 non
1055 2740 1279 2819 admittant.

466 2974 783 3072 dedolantis
818 3001 828 3049 :
880 2981 1113 3070 quartum
1166 2973 1470 3072 Capitulum.

256 3207 401 3285 Pascha
427 3228 550 3305 usque
572 3206 620 3282 ad
640 3205 782 3282 festum
803 3214 957 3283 sanctae
975 3206 1112 3284 Crucis
1131 3205 1357 3285 reficiantur
1375 3205 1437 3283 bis
1460 3206 1642 3297 Fratres;
1666 3207 1819 3309 exceptis

254 3325 394 3402 diebus
425 3322 701 3421 Rogationum
727 3333 765 3399 et
789 3322 908 3400 sextis
939 3322 1072 3416 Feriis,
1095 3329 1131 3399 et
1160 3322 1301 3423 Vigilia
1330 3322 1595 3418 Pentecostes‚
1618 3335 1657 3404 et
1673 3321 1819 3426 jeJuniis

163 3440 342 3535 Quatuor
374 3439 613 3538 Temporum
646 3465 652 3511 :
683 3446 721 3514 et
750 3436 890 3535 Vigilia
918 3437 1041 3514 sancti
1072 3436 1237 3514 loannis
1269 3436 1479 3536 Baptistae,
1510 3438 1616 3516 Petri
1644 3453 1682 3518 et
1709 3437 1817 3528 Pauli,

161 3555 326 3651 lacobi,
370 3553 472 3631 beati
507 3552 703 3629 Dominici
741 3551 863 3628 Patris
900 3551 1048 3645 nostri,
1090 3552 1315 3639 Laurentii,
1354 3554 1649 3654 Assumptionis
1681 3564 1820 3633 sanctu

163 3671 323 3768 Mariae,
344 3668 652 3761 Bartholomaei,
674 3690 718 3742 ac
747 3665 966 3745 Natiuitatis
992 3667 1128 3745 beatae
1147 3667 1329 3769 Virginis.
1353 3671 1381 3744 A
1402 3668 1502 3748 festo
1525 3678 1658 3750 autem
1683 3679 1819 3750 sanctae

162 3787 301 3867 Crucis
329 3807 454 3884 usque
481 3783 530 3860 ad
560 3784 718 3876 Pascha,
740 3783 974 3861 continuum
1009 3784 1232 3862 tenebimus
1263 3785 1490 3884 ieiunium3
1526 3794 1562 3864 et
1592 3785 1704 3866 Nona
1732 3786 1819 3864 dicu

161 3901 454 3982 comedemus:
486 3900 657 4000 exceptis
689 3899 908 3976 Dominicis
936 3899 1088 3977 diebus.

213 4020 255 4097 ln
289 4026 372 4098 toto
400 4028 529 4095 autem
565 4015 753 4107 Adventu,
784 4027 817 4091 el
856 4015 1176 4115 Quadragesima,
1205 4027 1243 4095 et
1271 4017 1434 4117 iejuniis
1461 4016 1644 4116 Quatuor
1668 4020 1818 4119 Tempo-

162 4156 279 4231 rum;
300 4135 338 4210 in
364 4131 504 4232 Vigilia
529 4132 793 4224 Ascensiouis,
817 4143 854 4207 et
875 4132 1136 4227 Pentecostes,
1163 4133 1284 4210 sancti
1303 4132 1468 4211 loannis
1495 4134 1709 4236 Baptistae,
1728 4130 1818 4212 Petri

161 4262 198 4329 et
238 4251 359 4343 Pauli,
389 4248 537 4343 iacobi,
569 4247 669 4325 beati
707 4247 905 4324 Dominici
944 4248 1068 4326 Patris
1104 4249 1244 4344 nostri,
1288 4249 1501 4346 laurentii,
1540 4248 1820 4352 Assumptionis

162 4377 316 4445 sanctae
352 4366 525 4457 Mariae,
564 4362 880 4457 bartholomaei,
912 4363 1112 4459 Matthaei,
1150 4364 1325 4442 Simonis
1351 4375 1391 4444 et
1416 4365 1554 4462 ludae,
1583 4377 1623 4446 et
1654 4365 1818 4447 omnium

161 4485 409 4575 Sanctorum,
447 4479 626 4558 Andreae
661 4478 852 4578 Apostoli,
883 4491 921 4555 et
949 4479 1139 4557 omnibus
1177 4481 1295 4558 sextis
1331 4481 1466 4577 Feriis,
1502 4478 1818 4584 quadragesimali

162 4600 308 4676 utimur
333 4598 422 4675 cibo
450 4625 456 4671 :
490 4596 566 4672 nisi
596 4595 635 4669 in
666 4593 879 4693 praedictis
906 4595 1024 4672 sextis
1053 4596 1176 4673 Feriis
1204 4605 1357 4676 tantum
1390 4620 1480 4676 cum
1506 4597 1645 4698 aliquo
1671 4608 1819 4699 propter

160 4713 313 4792 labores
340 4714 619 4814 dispensetur;
646 4710 705 4787 vel
733 4711 773 4785 in
802 4710 912 4805 locis,
944 4711 982 4785 in
1009 4712 1154 4811 quibus
1183 4712 1228 4796 in,
1250 4712 1392 4791 iisdem
1419 4713 1538 4793 sextis
1566 4715 1692 4793 Feriis
1718 4714 1819 4792 aliter

158 4831 430 4908 comederetur
460 4857 466 4903 :
502 4826 559 4904 vel
588 4827 706 4904 etiam
736 4825 811 4901 nisi
839 4824 981 4904 festum
1006 4828 1262 4928 praecipuum
1290 4828 1419 4907 luerit.

208 4946 442 5024 itinerantes
462 4954 591 5022 wmen
616 4942 677 5019 bis
701 4940 805 5018 refici
835 4952 1029 5041 possunt:
1058 4942 1133 5018 nisi
1162 4943 1201 5018 in
1230 4943 1419 5040 Adventu,
1442 4955 1480 5025 et
1505 4946 1581 5024 nisi
1608 4948 1649 5023 in
1680 4945 1818 5048 Vigiliis

157 5061 388 5155 Natiuitatis
422 5073 461 5138 et
491 5057 782 5135 Purilicationis
820 5057 953 5135 beatae
984 5057 1169 5157 Virginis
1199 5070 1234 5136 et
1268 5061 1429 5160 jeiuniis
1465 5062 1755 5163 principalibus
1777 5061 1819 5139 ab

157 5179 330 5256 Ecclesia
364 5175 568 5268 institutis,
599 5184 635 5252 et
663 5174 780 5251 sentis
818 5174 956 5261 Feriis,
988 5174 1093 5252 intus
1119 5187 1158 5252 et
1183 5186 1299 5253 extra.
1331 5176 1501 5273 Quando
1527 5188 1661 5256 autem
1689 5181 1818 5258 festum

158 5294 304 5371 babens
334 5294 530 5396 Vigiliam,
562 5291 600 5365 in
642 5314 718 5390 qua
753 5290 968 5367 secundum
997 5290 1177 5367 ordinem
1217 5304 1274 5370 est
1295 5293 1569 5391 jeJunandum
1602 5296 1754 5375 venerit
1784 5295 1818 5370 in

156 5410 327 5485 secunda
362 5410 472 5486 l'eria
504 5436 509 5481 :
542 5407 624 5503 ejus
648 5405 789 5504 Vigilia
821 5406 861 5480 in
899 5405 1148 5505 praecedenti
1187 5405 1362 5487 Sabbsto
1391 5411 1607 5509 jejunetur,
1634 5411 1820 5490 contraria

154 5525 440 5603 consuetudine
473 5547 552 5602 non
587 5522 781 5599 obstante.
816 5521 925 5599 Faria
963 5521 1149 5616 secunda,
1182 5534 1219 5599 et
1256 5525 1369 5602 tertia
1406 5536 1495 5625 post
1529 5525 1821 5630 Quinquageti·
