3990 6082
661 369 758 449 bor.
778 373 808 450 l.
832 372 888 448 De
906 368 1014 465 Cilo,
1035 378 1071 447 et
1087 368 1314 448 Cottattone.
1779 363 1819 439 lt

143 538 272 614 mam,
301 528 382 597 tam
411 519 518 599 intus
544 540 664 620 quam
692 529 812 617 extra,
846 519 1177 621 quadragesimali
1207 517 1358 596 utimur
1383 513 1502 593 cibo:
1524 513 1822 612 etjeJ'unamus.

143 632 193 713 ln
225 633 440 715 Parasceve
466 657 559 715 vero
586 658 657 736 par
694 646 814 715 totam
841 637 948 715 diem
979 637 1018 712 in
1048 657 1149 735 pane
1174 644 1212 713 et
1240 655 1341 739 aqua
1371 631 1631 710 abstinemus.

544 870 610 948 De
646 870 792 950 Cibo:
839 874 1074 971 qcintum
1110 867 1427 968 Capitulum.

148 1122 301 1301 Hau
325 1105 563 1203 competenti
589 1112 678 1181 ante
711 1103 923 1204 prandium
952 1125 973 1179 a
1001 1102 1169 1181 sacrista
1195 1097 1329 1199 paucis
1356 1096 1498 1173 ictibus
1522 1113 1712 1192 campana
1736 1092 1823 1193 pul·

267 1227 375 1297 satur
393 1219 409 1294 ἰ
442 1229 485 1297 ut
522 1220 675 1297 Fratres
703 1219 748 1296 ad
781 1218 1033 1297 relectionem
1070 1218 1204 1295 venire
1242 1236 1319 1292 non
1358 1211 1523 1289 tardent.
1566 1206 1821 1286 Postmodum

147 1332 332 1435 pulsetur
353 1332 594 1433 cymbalum,
629 1334 799 1413 sinibus
833 1345 892 1412 est
927 1340 1116 1434 paratus:
1148 1329 1325 1429 alioquin
1360 1348 1440 1405 non
1476 1323 1667 1424 pulsetur,
1698 1320 1824 1402 donae

146 1448 203 1528 sit
229 1459 402 1550 paratus.
435 1449 590 1527 ablutis
614 1471 706 1528 vero
732 1449 930 1546 manibus,
959 1450 1073 1526 Prior
1100 1446 1231 1524 nolam
1255 1441 1459 1521 llelectorii
1490 1438 1614 1540 pulset
1640 1466 1647 1513 :
1669 1447 1706 1516 et
1732 1449 1824 1515 tunc

149 1564 306 1644 Fratres
337 1566 621 1666 ingrediantur.
655 1568 811 1666 Quibus
842 1568 1043 1668 ingressis,
1078 1567 1181 1642 dicat
1209 1563 1442 1655 Benedicite,
1476 1559 1544 1659 qui
1572 1557 1668 1636 dicit
1699 1556 1824 1635 Versi-

145 1680 285 1760 culos:
306 1692 344 1759 et
362 1680 589 1762 Conventus
608 1695 872 1785 prosequatur
892 1683 1228 1762 Benedictionem.
1252 1678 1467 1757 Servitores
1487 1685 1615 1753 autem
1636 1672 1822 1772 incipiant

143 1793 198 1872 ab
217 1795 474 1877 interioribus
496 1826 504 1874 ε
527 1799 719 1899 usquead
739 1820 916 1876 mensam
937 1798 1087 1875 Prioris
1104 1795 1373 1873 ascendentes.

198 1906 338 2017 Nullus
366 1913 545 1992 Fratrum
570 1915 836 2015 praesentium
864 1937 885 1991 a
908 1913 1035 2015 prima
1055 1934 1191 1989 melisa
1211 1918 1423 1989 remaneat.
1444 1914 1598 2007 praeter
1617 1904 1822 1983 servitores

145 2034 185 2105 et
211 2026 396 2106 custodes
427 2057 434 2105 :
469 2029 545 2107 nisi
574 2030 622 2108 de
649 2030 822 2107 licentia.
857 2031 1062 2129 Quotquot
1090 2040 1218 2106 autem
1248 2023 1521 2115 remanserint,
1551 2020 1758 2099 comedant
1782 2019 1822 2095 in

143 2141 322 2223 oecunda
352 2165 486 2223 mensa
513 2173 521 2220 :
550 2147 601 2224 ita
633 2146 738 2246 quod
775 2146 927 2223 tertiam
960 2144 1087 2222 faeere
1121 2166 1198 2222 non
1232 2150 1423 2242 oporteat.
1458 2136 1571 2216 Nulla
1610 2136 1673 2213 liat
1707 2133 1822 2212 servi·

142 2261 304 2340 toribus
332 2261 390 2341 vel
421 2262 614 2342 ministris
643 2265 846 2363 pictantia,
877 2286 977 2362 quae
1005 2286 1082 2341 non
1118 2263 1159 2340 bt
1186 2259 1436 2341 Conventui:
1468 2256 1543 2333 nisi
1572 2255 1650 2332 sint
1675 2252 1820 2330 inllrmi

142 2376 205 2456 vel
233 2379 387 2457 minuti.
419 2380 552 2457 Frater
579 2402 656 2457 non
688 2380 814 2458 mittat
841 2380 964 2456 Fratri
994 2379 1235 2479 pictantiam,
1265 2385 1428 2475 excepto
1458 2373 1618 2451 Priore:
1650 2368 1718 2447 sed
1746 2367 1822 2444 sibi

143 2495 278 2573 datam
309 2493 403 2572 dare
433 2496 559 2595 possit
588 2517 609 2571 a
637 2495 785 2573 dextris
816 2494 875 2571 vel
904 2519 924 2571 a
958 2496 1138 2573 sinistris.
1181 2493 1336 2572 Priores
1371 2489 1581 2569 comedant
1615 2486 1654 2562 in
1688 2481 1821 2562 ltelac-

143 2608 266 2703 torio,
288 2618 326 2688 et
343 2609 504 2687 cibariis
524 2609 748 2689 Conventus
771 2613 849 2689 sint
876 2611 1077 2700 contenti;
1109 2610 1291 2687 similiter
1319 2604 1538 2698 infirmarii,
1561 2613 1598 2680 et
1617 2599 1823 2681 servitores

146 2724 366 2825 hospitum,
399 2735 437 2804 et
461 2725 529 2803 alii
558 2727 741 2805 Fratres:
774 2727 847 2804 nisi
879 2727 993 2804 Prior
1020 2749 1110 2804 cum
1134 2725 1334 2826 aliquibus
1362 2717 1647 2822 dispensaverit
1673 2715 1725 2797 ob
1752 2713 1824 2792 ali·

145 2862 267 2943 quarn
297 2863 469 2937 causam,
504 2850 545 2920 ut
575 2850 680 2920 extra
708 2843 953 2921 Conventum
983 2842 1197 2944 aliquando
1229 2838 1452 2919 comedant.

199 2955 410 3035 Pulmenta
440 2968 581 3036 *nostra
613 2958 691 3036 sint
727 2957 876 3058 ubique
913 2960 997 3037 sine
1036 2958 1220 3035 carnibus
1256 2957 1294 3034 in
1332 2951 1598 3034 conventibus
1635 2948 1779 3029 nostris
1814 2974 1821 3023 :

146 3083 424 3176 praeterquam
452 3074 492 3149 in
522 3073 764 3151 infirmariis
800 3075 1001 3153 Fratribus
1035 3085 1164 3152 autent
1203 3074 1361 3166 nostris
1399 3093 1448 3147 no
1484 3069 1563 3145 sint
1599 3063 1823 3168 hospitibus

145 3191 306 3269 onerosi
337 3216 345 3264 :
377 3189 578 3288 pulmenta
600 3198 710 3268 cocta
741 3213 830 3267 curn
858 3190 1046 3268 carnibus
1079 3190 1285 3268 comedere
1315 3189 1427 3265 liceat.
1453 3195 1559 3261 extra
1589 3181 1818 3259 claustrum.

147 3306 304 3384 Fratres
331 3305 471 3393 nostri,
501 3314 580 3381 tam
608 3305 764 3384 Priores
790 3327 907 3405 quam
937 3307 1018 3400 alii,
1051 3308 1089 3382 in
1118 3306 1228 3395 locis,
1262 3304 1327 3382 ubi
1361 3302 1602 3377 tlonventum
1637 3293 1823 3373 babueri-

147 3442 251 3516 mus,
289 3418 365 3496 nisi
394 3441 482 3496 cum
522 3420 731 3520 Episcopo,
766 3423 825 3498 vel
867 3423 907 3497 in
942 3422 1130 3500 domibus
1164 3421 1465 3521 lteligiosorum,
1501 3426 1539 3493 et
1575 3415 1649 3493 boc
1683 3432 1771 3489 raro
1810 3439 1817 3485 :

146 3541 254 3614 extra
289 3534 500 3611 claustrum
532 3535 742 3613 comedere
778 3559 857 3615 non
894 3550 1160 3637 praesumant.
1196 3532 1369 3636 Singulis
1397 3532 1537 3610 (liebus
1568 3558 1574 3606 :
1605 3529 1684 3606 duo
1716 3533 1822 3604 coctu

146 3649 365 3752 pulmenta,
386 3650 416 3725 si
438 3650 522 3728 fieri
546 3660 687 3750 potest,
716 3652 897 3731 babeant.
921 3654 1071 3732 Poterit
1097 3665 1226 3732 autem
1254 3651 1366 3731 Prior
1394 3646 1684 3749 superaddere:
1706 3650 1823 3743 prout

143 3787 247 3867 opus
271 3786 355 3842 esse
375 3765 624 3864 judicaverit,
645 3779 683 3845 et
701 3768 865 3846 facultas
884 3769 1123 3869 permiserit.
1147 3769 1187 3849 Si
1208 3768 1297 3869 quis
1320 3769 1428 3867 juxta
1449 3786 1489 3841 ac
1508 3760 1657 3840 sedenti
1682 3755 1823 3835 viderit

142 3878 296 3975 aliquid
320 3879 456 3958 deesse
480 3881 530 3958 de
556 3884 789 3960 communi:
823 3885 995 3984 requirat
1023 3908 1043 3962 a
1073 3886 1274 3962 servitore.
1297 3883 1334 3962 st
1365 3880 1455 3982 quis
1484 3879 1533 3958 tle
1565 3871 1823 3955 servitoribus

143 3995 203 4075 vel
239 3994 550 4092 comedentibus,
589 3998 795 4077 serviendo
829 3999 887 4077 vel
925 3999 1185 4092 comedendo,
1225 4000 1263 4074 iu
1301 3997 1433 4097 aliquo
1469 3991 1704 4075 ‹tbenderitz
1740 4008 1822 4064 stir-

143 4110 328 4215 gentibus
364 4111 567 4190 Fratribus
598 4115 751 4193 veniam
786 4126 928 4216 petat:
969 4127 1007 4194 et
1041 4116 1142 4194 lacto
1182 4115 1348 4215 siqnoa
1388 4110 1579 4205 Praelato,
1617 4105 1747 4185 redcat
1775 4102 1821 4181 ad

145 4227 277 4306 locum
308 4248 437 4305 suum.

444 4455 513 4534 De
550 4458 909 4543 collatione.-
960 4469 1168 4540 sectum
1204 4460 1524 4561 Capitulum.

222 4714 361 4769 aurona
382 4692 534 4791 jejunii,
558 4692 653 4771 liora
677 4701 916 4797 competenti
945 4700 1113 4777 Sucrista
1140 4700 1189 4777 ad
1217 4701 1467 4779 stillationem
1497 4696 1651 4793 uiqruuu
1681 4686 1818 4765 tanat:

253 4817 386 4908 postea
431 4806 717 4889 Reiectorarius
753 4815 978 4913 cymbalum
1020 4816 1158 4918 pulset.
1202 4816 1352 4895 ltoiudu
1397 4811 1596 4893 Fratribus
1637 4799 1821 4883 voruiunti·

151 4925 224 5002 bus
256 4923 297 5000 in
325 4921 601 5014 llelectorium‚
633 4924 733 5027 legat
766 4929 902 5009 Lector
935 4933 1150 5032 praeuusso
1186 4932 1284 5011 lutra
1322 4934 1465 5011 ltomnr
1500 4925 1755 5009 irritatiores:
1788 4926 1825 4992 ut.

147 5048 337 5140 sequatur
371 5037 611 5132 Benedictio,
649 5044 810 5123 Noctem
844 5048 1029 5148 quietum,
1066 5060 1101 5125 et
1135 5050 1255 5148 tinam
1290 5056 1502 5149 portatum
1537 5042 1681 5125 tribunt
1715 5031 1824 5114 attritis

145 5154 388 5254 omnipotens
412 5163 450 5231 et
473 5156 695 5236 manans
727 5160 933 5241 Dominus.
971 5162 1073 5241 lustu
1104 5188 1194 5243 vlint
1226 5166 1446 5243 lactionum
1477 5162 1610 5241 tributu
1640 5156 1824 5257 irritarunt

147 5274 251 5351 lacto
280 5269 391 5369 signo
418 5293 439 5348 a
467 5270 660 5368 Praelata,
695 5285 734 5354 et
763 5276 869 5357 dicto
902 5278 1119 5360 ueneuatae
1154 5308 1172 5357 a
1214 5284 1373 5363 lnntnn·
1413 5312 1418 5359 :
1455 5280 1621 5381 ‹butupto
1659 5264 1821 5349 ltuuodv·

147 5389 282 5467 ctione
324 5383 374 5462 ab
414 5386 761 5484 Hebdomadario,
800 5394 980 5495 turpiter
1018 5400 1193 5479 armatum
1231 5400 1420 5479 tunnam
1458 5392 1654 5477 treantina
1694 5388 1825 5489 polum

144 5524 351 5586 seruorum
374 5526 550 5583 suorum.
582 5507 710 5585 Finita
742 5512 1052 5593 testinnonium
1080 5518 1146 5619 «pu
1183 5528 1348 5621 prterunt.
1372 5514 1619 5617 dvlttttort'ttttt
1647 5506 1825 5587 nollrlllll
