3990 6082
858 342 1096 446 MAlUS.
1708 354 1811 458 109

135 566 495 703 fragrantiam
516 567 799 687 exhalavit,
813 568 1368 672 utanimosdmnium
1382 569 1521 670 mira
1536 567 1818 706 voluptate
1928 601 1934 612 ·

139 712 442 850 compldret
466 743 475 811 :
500 713 576 813 ita
596 713 807 847 egregie
828 717 1171 837 contestante
1191 712 1323 834 Deo,
1348 748 1516 849 quarn
1539 728 1689 858 grata
1715 711 1819 814 sibi

140 858 307 962 luerit
363 856 645 993 apostolici
669 857 789 960 'viri
815 857 1098 994 praeclara
1158 858 1536 960 sanctimdnia.
1598 833 1814 933 lssSlUffl

143 1018 330 1103 totum
351 993 576 1132 Duplex.
604 991 921 1104 Florentia:
951 1020 1154 1104 sanctae
1180 1001 1363 1104 Mariae
1390 999 1726 1137 Magdale‘nae
1747 999 1816 1104 de

149 1146 331 1248 Pazzis
370 1145 608 1280 virginis,
633 1178 697 1246 ex
724 1141 935 1247 Ordine
961 1145 1135 1249 beatae
1174 1144 1365 1248 Mariae·
1383 1144 1452 1248 de
1479 1144 1667 1246 Monte
1686 1139 1819 1245 Car-

147 1288 497 1424 melo,cujus
535 1290 843 1424 virgineum
873 1321 1073 1426 corpus
1111 1289 1315 1393 ibidem
1356 1291 1602 1392 servatur
1639 1289 1819 1391 incor-

147 1438 396 1573 rdptum.
422 1422 703 1528 Memoria.
728 1422 912 1536 Romae
939 1433 1022 1534 via
1049 1433 1429 1536 Nomentana:
1462 1433 1651 1536 natalis
1676 1432 1823 1538 beati

154 1575 362 1683 Urbani
379 1576 537 1711 Papae
559 1595 612 1679 et
633 1578 909 1716 martyris;
925 1577 1083 1712 cujus
1097 1578 1478 1682 exhortamine
1500 1596 1554 1682 et
1571 1576 1821 1680 doctrina

151 1723 313 1826 multi
341 1722 419 1857 (in
445 1721 651 1855 quibus
677 1721 829 1824 fuere
854 1719 1141 1824 Tibdrtius
1167 1740 1221 1823 et
1247 1719 1592 1858 Valerianus)
1618 1717 1821 1824 Christi

152 1866 322 1971 fidem
364 1867 758 2000 susceperunt:
802 1884 855 1966 et
900 1898 999 2002 pro
1047 1900 1108 1968 ea
1149 1867 1475 2005 martyrium
1515 1866 1823 1968 subierunt.

151 2012 270 2149 lpse
295 2042 522 2146 quoque
545 2008 599 2109 in
629 2008 1011 2149 persecutidne
1039 2009 1332 2111 Alexandri
1371 2007 1548 2114 Severi
1591 2044 1690 2147 pro
1717 2006 1826 2112 Ec-

151 2157 310 2260 clesia
352 2153 449 2255 Dei
495 2153 668 2255 multa
708 2183 929 2291 passus:
954 2154 1181 2255 tandem
1233 2156 1535 2256 cervicibus
1561 2153 1822 2271 abscissis,

151 2299 416 2437 martyrio
444 2299 737 2399 coronatus
763 2316 858 2401 est.
892 2284 1172 2388 Memoria.
1200 2284 1479 2400 Dorostori
1518 2301 1575 2400 in
1609 2296 1783 2437 Mysia
1812 2328 1822 2397 :

152 2443 347 2545 natalis
385 2441 703 2543 sanctorum
749 2445 1055 2580 martyrum
1100 2441 1423 2563 Passicratis,
1468 2439 1824 2560 Valentidnis,

150 2606 206 2691 et
233 2586 463 2689 alidrum
489 2583 728 2687 duarum
753 2587 914 2686 simul
937 2587 1344 2689 coronatorum.
1373 2570 1691 2691 Mediolani:
1708 2618 1826 2688 san·

151 2731 229 2837 cti
281 2730 528 2869 Dionysii
570 2727 845 2867 Episcopi.
883 2731 992 2851 Qui
1030 2732 1101 2832 ab
1138 2731 1210 2831 im
1259 2731 1468 2834 eratdre
1505 2728 1827 2833 Constantio

151 2876 361 2979 Ariano
405 2875 460 2975 in
508 2870 919 3011 Cappaddciam
944 2908 1045 3012 pro
1072 2871 1184 2977 lide
1212 2764 1497 2978 dathotiea
1524 2877 1823 3011 relegatus:

150 3020 364 3124 ibidem
390 3017 647 3156 propidre
673 3019 1008 3157 martyribus
1034 3019 1195 3120 titulo
1225 3019 1475 3157 spiritum
1508 3018 1621 3122 Deo
1642 3015 1828 3121 raddi-

151 3159 1827 3302 ‹litssjussacrumcorpusabAurelioEpiscopoMediolanum

153 3309 529 3411 transmissum
572 3323 652 3408 est
688 3304 758 3408 ad
789 3306 1014 3437 beatum
1056 3304 1407 3409 Ambrosium
1448 3305 1826 3445 Episcopum:

154 3453 251 3558 cui
280 3453 384 3589 piae
420 3449 622 3552 actioni
662 3446 912 3552 officium
951 3484 1180 3587 quoque
1219 3452 1390 3554 sancti
1428 3448 1604 3553 Basilii
1646 3449 1825 3583 Magni

155 3598 440 3701 accessisse
459 3592 711 3695 traditur.
731 3588 934 3696 Romae:
952 3596 1124 3698 sancti
1146 3591 1407 3698 Bonilacii
1431 3594 1590 3734 Papae
1612 3592 1826 3717 Quarti,

155 3741 262 3878 qui
308 3739 589 3841 Pantheon
622 3739 677 3838 in
706 3738 976 3840 hondrem
1015 3738 1189 3842 beatae
1232 3738 1417 3842 Manae
1454 3740 1520 3842 ad
1566 3739 1829 3877 Martyres

158 3883 452 3989 dedicavit.
475 3883 693 3985 Salarni:
708 3882 1132 4019 depositiobeati
1147 3882 1396 4019 Gregdrii
1414 3883 1569 4024 Papae
1583 3881 1828 4022 Septimi,

162 4027 557 4133 Ecclesiasticae
619 4026 880 4129 libertatis
942 4029 1366 4164 propugnatoris
1415 4060 1478 4131 ac
1533 4023 1831 4132 defensoris

158 4173 429 4276 acerrimi.
460 4169 774 4273 Florentiae:
812 4170 1000 4271 natalis
1028 4173 1197 4275 sancti
1226 4170 1453 4274 Zenobii
1480 4170 1724 4310 ejdsdem
1751 4169 1829 4271 ci·

160 4316 347 4418 vitatis
375 4314 647 4452 Episcopi,
676 4316 799 4416 vitae
824 4315 1129 4434 sanctitate,
1159 4349 1222 4418 ac
1244 4317 1637 4422 miraculorum
1662 4312 1830 4449 gloria

160 4457 691 4596 conspicuiVerulis
710 4459 767 4559 in
788 4455 1039 4562 Hernicis
1063 4491 1072 4559 :
1097 4457 1403 4562 Translatio
1427 4481 1628 4567 sanctae
1651 4457 1832 4561 Mariae

156 4607 187 4710 J
196 4603 373 4886 acobxi,
396 4601 553 4739 cujus
578 4635 793 4706 sacrum
815 4636 1016 4740 corpus
1039 4604 1284 4740 pldrimis
1309 4607 1584 4715 miraculis
1604 4600 1833 4710 illustra·

159 4775 275 4859 tur.
