3990 6082
423 389 517 472 ont.
548 396 600 475 ll.
631 398 685 475 De
714 398 892 480 electione
920 401 1071 480 Pniceis
1104 400 1388 482 Conventualis.
1696 406 1745 488 ib

71 540 396 643 disquisitionem
424 556 462 624 et
488 550 724 627 scrutinium
751 551 997 630 voluntatum
1023 550 1201 652 procedit
1218 550 1357 631 electio
1379 583 1387 628 :
1412 560 1500 631 vota
1517 553 1745 655 eligentium

70 656 319 757 recipiantur
337 670 375 738 et
393 661 695 741 conscribantur
714 686 784 763 per
803 663 1076 765 Suppriorem‚
1097 666 1156 741 vel
1184 667 1267 761 eJus
1286 666 1487 745 Vicarium
1508 668 1548 744 in
1568 667 1748 747 absentia

75 769 323 872 Supprioris,
364 783 402 852 et
435 775 536 853 duos
563 777 731 872 Fratres,
758 778 826 877 qui
855 779 1036 877 primitus
1065 779 1240 856 habitum
1270 780 1395 858 nostri
1420 780 1584 858 Ordinis
1614 805 1748 861 susce-

72 896 251 985 perunt3
282 889 315 965 si
342 899 472 967 tamen
498 901 587 990 post
616 891 904 969 professionem
932 915 953 968 a
980 902 1114 970 nostro
1141 893 1292 971 Ordine
1316 893 1540 972 nullatenus
1558 895 1745 975 discesse÷

72 1010 170 1078 runt
190 1030 198 1077 :
233 1003 308 1079 nisi
331 1026 403 1103 per
421 1005 648 1106 Magistrum
668 1006 848 1103 Ordinis,
869 1007 929 1084 vel
955 1008 1157 1096 Generale,
1179 1010 1235 1086 vel
1260 1009 1503 1087 Provinciale
1520 1011 1745 1112 Capitulum

73 1135 169 1192 cum
202 1117 259 1193 eis
289 1117 407 1196 fuerit
432 1119 718 1220 dispensatum.

127 1228 334 1310 Publicato
360 1242 490 1311 autem
517 1235 708 1313 scrutinio
736 1238 776 1311 in
804 1236 951 1332 medio,
981 1247 1018 1314 et
1046 1239 1242 1336 expressis
1268 1238 1498 1317 nominibus
1517 1239 1745 1341 eligentium

74 1352 115 1421 et
135 1344 368 1441 electorum,
389 1356 428 1426 et
452 1347 552 1426 facta
578 1350 788 1428 collatione
815 1352 969 1429 numeri
996 1349 1046 1427 ad
1072 1373 1307 1429 numerum:
1330 1353 1362 1428 si
1386 1354 1573 1451 majorem
1592 1365 1745 1454 partem

75 1457 291 1537 medietate
324 1462 503 1540 omnium
534 1463 763 1564 eligentium
793 1466 984 1543 inunum
1015 1467 1244 1542 convenisse
1277 1466 1519 1562 invenerint,
1550 1477 1588 1545 et
1615 1468 1747 1546 minor

76 1595 172 1673 pars
199 1574 452 1675 interrogata,
474 1579 615 1675 majori
643 1580 915 1670 consenserit;
946 1579 1026 1674 ille,
1048 1580 1114 1678 qui
1141 1581 1310 1679 primam
1328 1603 1463 1658 vocem
1483 1582 1619 1658 habuit
1646 1583 1748 1659 inter

73 1684 281 1782 electores,
314 1711 476 1789 surgens
504 1691 637 1770 dicat:
669 1692 749 1791 Ego
773 1693 822 1770 N.
852 1695 933 1769 vice
962 1714 1061 1783 uteo,
1088 1702 1123 1769 et
1148 1694 1321 1770 otrentum
1347 1694 1550 1770 electorum
1573 1717 1750 1793 proesen-

76 1801 180 1878 tium
203 1802 302 1902 eligo
327 1804 375 1881 Ν.
401 1806 447 1882 in
475 1806 652 1883 Priorem
679 1808 770 1884 tolia
807 1808 1034 1898 Conventus,
1071 1808 1132 1884 vel
1168 1808 1259 1884 totis
1290 1808 1532 1901 Provinciae,
1567 1810 1598 1885 si
1637 1811 1750 1887 Prior

77 1913 341 1995 Provincialis
368 1919 546 2017 eligatur.
568 1921 609 1999 Si
628 1944 719 1999 vero
744 1944 823 2000 non
843 1944 981 1999 omnes
1000 1923 1285 2018 consenserint,
1309 1922 1376 1999 sed
1395 1925 1520 2019 major
1539 1946 1630 2022 pars
1650 1923 1749 2001 ultra

76 2029 361 2124 medietatem;
391 2042 486 2112 tuno
512 2035 615 2113 sicut
640 2037 765 2135 prius,
800 2038 868 2136 qui
904 2036 1073 2136 primam
1109 2059 1243 2114 vocem
1281 2037 1475 2130 habuerit,
1504 2037 1640 2117 dicat:
1669 2038 1748 2137 Ego

77 2142 127 2221 Ν.
148 2167 220 2244 pro
246 2169 319 2241 nte,
339 2156 375 2225 et
400 2149 462 2225 bis
488 2151 555 2248 qni
580 2173 729 2228 mntem
747 2153 998 2243 consentiunt,
1022 2152 1120 2250 eligo
1132 2152 1180 2229 N.
1198 2153 1244 2228 in
1260 2146 1449 2242 Priorem,
1471 2160 1540 2228 etc.
1563 2160 1605 2229 ut
1624 2152 1745 2251 prius.

81 2256 197 2348 Quod
231 2261 416 2340 similiter
450 2265 491 2340 in
533 2264 723 2344 electione
766 2266 939 2365 Magistri
985 2264 1171 2354 Ordinis,
1205 2266 1252 2344 'et
1302 2265 1449 2341 Prioris
1493 2265 1749 2343 Provincialis

81 2373 327 2456 observetur.

106 2489 293 2577 ,Priores
322 2504 451 2572 autem
483 2495 769 2574 conventuales
797 2494 1022 2594 supradicto
1047 2496 1166 2572 modo
1194 2496 1336 2572 electi:
1368 2517 1391 2570 a
1419 2494 1554 2571 Priore
1588 2496 1748 2591 Provin-

83 2602 174 2681 ciali
202 2606 245 2703 (si
264 2611 298 2684 ei
315 2610 444 2687 visum
468 2609 594 2708 fuerit)
612 2610 908 2687 confirmentur.
931 2609 1041 2686 ldem
1066 2611 1184 2686 etiam
1212 2609 1304 2685 liat:
1336 2609 1368 2685 si
1397 2608 1540 2708 aliquis
1563 2631 1584 2685 a
1609 2611 1747 2706 majori

84 2726 195 2816 parte
223 2720 397 2818 illorum,
418 2723 467 2801 ad
495 2745 598 2823 quos
626 2724 797 2823 pertinet
822 2723 972 2815 electio,
994 2724 1042 2800 de
1061 2724 1140 2800 alio
1159 2723 1361 2800 Conventu
1379 2722 1496 2799 fuerit
1514 2723 1745 2822 postulatus.

83 2830 310 2916 Conventus
342 2847 487 2935 autem,
524 2840 592 2938 qui
625 2839 720 2938 petit
745 2839 858 2915 electi
886 2838 1241 2931 confirmationem,
1274 2859 1483 2913 numerum
1515 2846 1553 2914 et
1590 2840 1749 2916 nomina

81 2948 230 3027 scribat
262 2951 491 3052 eligentium
522 2982 529 3029 :
565 2976 653 3031 cum
686 2953 920 3031 formatione
950 2954 1118 3048 Decreti,
1140 2962 1178 3030 et
1199 2953 1450 3051 expressione
1477 2974 1628 3049 eorum,
1650 2976 1750 3054 quae

80 3063 121 3138 in
149 3063 344 3145 electione
372 3068 470 3148 facta
498 3079 601 3148 sunt.
633 3070 672 3148 si
699 3092 791 3147 vero
818 3068 918 3144 inira
942 3090 1114 3145 mensem
1152 3089 1230 3144 non
1268 3066 1455 3165 elegerint
1486 3066 1544 3143 vel
1579 3069 1750 3167 postula-

78 3180 236 3259 verint:
274 3183 389 3263 Prior
424 3187 681 3265 Provincialis
723 3185 925 3286 provideat
957 3184 1173 3262 Conventui
1214 3184 1262 3258 de
1302 3184 1449 3278 Priore,
1488 3185 1557 3284 qui
1594 3207 1749 3285 compe-

78 3302 211 3374 tenter
236 3298 334 3376 sciat
360 3302 400 3376 in
427 3302 533 3381 dioto
557 3303 758 3380 Conventa
786 3323 1009 3400 proponere
1036 3299 1200 3376 verbum
1223 3298 1307 3374 Dei.
1334 3297 1472 3375 Nullus
1491 3299 1667 3398 eligatur,
1685 3309 1752 3379 aut

78 3411 341 3492 confirmetur
376 3421 415 3491 in
446 3417 640 3511 Priorem,
668 3417 743 3493 nisi
777 3417 871 3492 sciat
903 3414 1157 3515 grammatice
1190 3413 1299 3510 loqui
1328 3413 1478 3513 absque
1501 3413 1598 3489 l'alsa
1624 3414 1751 3491 latini-

78 3532 163 3604 tate
190 3555 198 3602 :
232 3538 270 3607 et
298 3529 350 3608 sit
375 3531 428 3609 ita
451 3533 666 3609 instructus
692 3531 847 3629 (saltem
867 3532 906 3605 iu
929 3527 1144 3606 moralibus
1171 3551 1305 3605 sacrae
1333 3526 1571 3627 scripturae)
1587 3538 1627 3606 ut
1656 3529 1752 3606 sciat

81 3663 309 3743 proponere
335 3654 604 3746 competenter
633 3646 797 3724 verbum
829 3645 898 3722 Dei
927 3645 967 3719 in
996 3665 1067 3720 suo
1102 3643 1317 3720 Conventu.
1348 3642 1466 3738 Quod
1493 3643 1526 3718 si
1555 3665 1666 3721 secus
1697 3644 1752 3718 f-

80 3764 193 3836 ctum
229 3758 360 3857 luerit,
401 3762 442 3837 in
481 3761 747 3839 Conventibus
784 3758 1022 3835 habentibus
1062 3758 1258 3856 integrum
1295 3779 1505 3834 numerum
1541 3757 1749 3836 Fratrum:

81 3870 349 3953 Confirmator
374 3876 620 3969 absolvatur,
656 3884 694 3954 et
722 3897 792 3975 per
818 3875 1034 3951 triennium
1061 3873 1169 3950 omni
1200 3872 1329 3950 officio
1362 3871 1528 3949 Ordinis
1561 3872 1749 3972 privetur.

133 3987 290 4068 Fratres
325 4001 456 4069 autem
495 4000 584 4091 post
619 3999 787 4091 quatuor
819 4011 944 4066 annos
971 4010 992 4063 a
1019 3988 1264 4086 professione
1290 4010 1359 4064 sua
1394 3988 1437 4084 (si
1460 3998 1589 4066 tamen
1615 3990 1750 4066 sintin

82 4102 216 4183 Sacris
242 4106 445 4184 constituti
467 4134 475 4182 :
495 4107 507 4202 l
530 4106 580 4182 ad
610 4105 838 4183 electionem
863 4103 1011 4180 Prioris
1042 4101 1318 4179 Conventualis
1346 4101 1617 4181 admittantur.
1646 4104 1753 4180 lnira

81 4242 178 4299 vero
219 4219 324 4298 idem
361 4231 544 4320 tempus:
579 4221 621 4296 in
656 4221 785 4298 socios
821 4219 1003 4295 Priorum
1036 4216 1376 4312 Conventualium,
1401 4218 1461 4295 vel
1489 4218 1528 4292 in
1557 4217 1752 4295 Electores

83 4336 271 4414 Priorum
306 4335 627 4431 Provincialium,
664 4335 723 4412 vel
758 4335 797 4409 in
836 4333 992 4409 Priores
1028 4330 1252 4408 nullatenus
1283 4332 1486 4431 eligantur.
1518 4332 1557 4410 Si
1585 4355 1676 4409 vero
1703 4332 1753 4409 de

83 4452 214 4528 aliena
243 4450 447 4530 Provincia
474 4450 650 4529 fuerint:
681 4459 890 4550 postquam
918 4468 1163 4547 perannum
1194 4448 1425 4524 continuum
1453 4448 1494 4521 in
1521 4447 1654 4547 aliquo
1672 4469 1752 4524 uno

84 4566 287 4644 Conventa
315 4566 466 4644 alienae
493 4565 722 4643 Provinciae
749 4564 937 4663 assignati
966 4562 1107 4638 morati
1131 4563 1300 4653 luerint,
1329 4562 1585 4639 admittantur
1603 4561 1653 4639 ad
1678 4561 1753 4639 ele·

83 4681 239 4758 stiones
274 4681 313 4756 in
347 4679 415 4756 illa
447 4679 663 4774 Provincia,
698 4679 797 4756 sicut
830 4677 926 4754 alii:
957 4684 995 4751 et
1020 4676 1094 4751 lroc
1129 4684 1210 4751 tam
1238 4675 1270 4751 si
1298 4674 1348 4749 ad
1373 4687 1542 4775 tempus,
1574 4676 1754 4775 quamsi

84 4795 321 4895 simpliciter
345 4793 394 4872 ad
417 4794 582 4872 alienam
615 4794 856 4871 Provinciam
877 4791 966 4890 quis
984 4780 1216 4889 assignetur.
1238 4788 1341 4866 lnfra
1362 4812 1453 4867 vero
1470 4790 1576 4867 idem
1600 4799 1755 4889 tempus

84 4932 167 4989 uon
196 4910 454 4988 admittantur
487 4909 536 4986 ad
567 4907 800 4987 electionem
833 4906 1057 4983 Electorum
1093 4902 1243 4980 Prioris
1281 4903 1566 4981 Provincialis:
1602 4926 1673 4981 neo
1705 4902 1755 4979 ad

83 5033 273 5105 tractatus
287 5046 440 5120 eorum,
462 5046 563 5124 quae
580 5023 630 5101 ad
648 5022 837 5101 Generale
852 5021 913 5099 vel
933 5018 1176 5096 Provinciale
1195 5017 1418 5118 Capitulum
1440 5029 1532 5097 sunt
1548 5018 1753 5097 mittenda.

133 5140 286 5220 Electio
305 5149 437 5219 autem
457 5148 537 5216 tam
558 5138 741 5216 Priorum
762 5135 1080 5228 Provincialium,
1101 5153 1219 5233 quam
1238 5131 1575 5226 Conventualium,
1595 5133 1644 5211 ad
1666 5132 1756 5211 illos

80 5266 239 5339 tantum
266 5255 462 5356 pertineat
484 5252 695 5348 Electores,
715 5252 782 5352 qui
809 5247 1069 5351 personaliter
1097 5258 1326 5347 praesentes
1351 5249 1391 5324 in
1422 5248 1615 5328 electione
1641 5246 1758 5327 exsti·

78 5374 234 5455 terint:
265 5371 366 5449 sicut
391 5369 435 5449 fit
460 5372 501 5444 in
526 5367 719 5445 electione
747 5364 923 5466 Magistri
948 5361 1125 5439 Ordinis.
1156 5362 1270 5440 Prior
1307 5374 1439 5443 autem
1480 5360 1759 5443 convertunt·

76 5494 132 5571 tle
170 5486 342 5565 consilio
376 5485 638 5562 discretorum
675 5483 853 5559 Fratrum
885 5480 945 5556 sui
984 5478 1229 5575 Conventus,
1254 5478 1433 5559 instituat
1457 5476 1508 5581 ,St

135 5608 383 5665 uvarinouoe.
405 5607 517 5661 vaso.
