3990 6082
145 416 213 518 50
304 330 307 337 ’
832 385 1168 492 neurius

145 625 336 729 Ariani
397 626 664 767 praesidis,
713 624 992 748 Theotici,
1032 642 1086 728 et
1148 623 1387 729 aliorum
1429 625 1619 728 trium.
1673 619 1822 747 Quos

139 768 313 906 judex
358 772 673 877 submersos
713 772 769 872 in
811 804 961 874 mare
1002 771 1249 873 necavit:
1291 768 1384 874 sed
1426 765 1823 908 delphinorum

146 915 416 1052 obsequio
438 917 671 1055 corpora
686 914 964 1019 eorumad
979 914 1109 1016 litus
1122 889 1502 1016 delaitasunt.C
1514 913 1820 1049 arthagine:

145 1060 322 1162 sancti
343 1060 520 1165 Pontii
550 1059 937 1163 Diaconibeati
953 1055 1220 1197 Cyprioni
1238 1054 1825 1196 EpiscopiQuiusque

146 1202 216 1303 ad
238 1202 386 1307 diem
406 1205 600 1307 mortis
627 1205 771 1307 illius
797 1236 925 1307 cum
951 1206 1071 1339 ipso
1091 1201 1341 1305 exsilium
1361 1201 1638 1304 stistinens
1660 1232 1673 1321 ;
1703 1204 1826 1304 vita

145 1364 200 1448 et
236 1348 502 1485 passionis
544 1348 663 1483 ejus
689 1347 972 1483 egregium
1000 1347 1262 1448 volrimen
1291 1343 1547 1481 reliquit:
1571 1362 1748 1482 atque
1772 1347 1825 1447 in

146 1492 256 1592 suis
277 1492 629 1629 passionibus
655 1491 956 1594 Dominum
980 1522 1197 1628 semper
1216 1486 1827 1626 glorificans,coronam

147 1637 275 1737 vitae
314 1636 638 1775 promeruit.
681 1612 868 1738 'soleti
922 1637 977 1733 in
1027 1629 1324 1772 Hispania:
1374 1631 1647 1771 depositio
1682 1633 1827 1738 beriti

144 1775 348 1881 Julioni
378 1779 637 1919 Episcopi
681 1796 735 1881 et
773 1776 1114 1898 confessoris,
1155 1777 1446 1880 sanctitote
1485 1791 1540 1878 et
1576 1772 1829 1880 doctrina

145 1923 504 2028 celeberrimi.
542 1900 609 2023 ¹n
656 1922 889 2056 Anglia:
932 1921 1105 2023 sancti
1147 1917 1337 2023 Felicis
1385 1920 1683 2059 Episcopi,
1733 1920 1828 2058 qui

146 2061 454 2171 Orientailes
476 2066 681 2204 Anglos
701 2064 769 2167 ad
799 2062 972 2169 iidem
992 2064 1285 2172 convortit.

44 2275 114 2345 ill
147 2273 194 2378 Ε
552 2256 810 2415 Septimo
837 2273 966 2378 ldus
992 2271 1209 2375 Martii:
1241 2271 1398 2374 Luna

140 2466 542 2571 abcde
635 2470 1633 2613 l'gliiklmnpqrs
1784 2512 1820 2581 u

146 2617 1830 2707 1011111314151617181910111113111516718

143 2710 809 2817 Ancon
931 2715 1820 2859 FFGHMNP

144 2856 1831 2941 19301131156181

18 3020 388 3245 DicaRoure:
432 3034 638 3121 sanctae
676 3015 715 3117 F
719 3018 978 3118 ranciscae
1018 3012 1216 3135 viduae,
1258 3012 1548 3117 nobilitate
1591 3016 1825 3150 generis,

264 3160 576 3281 sanctitate,
605 3179 659 3264 et
685 3161 1080 3262 miraculorum
1128 3157 1298 3292 gloria
1328 3156 1570 3263 colebris.
1593 3157 1816 3263 Festum

143 3293 378 3433 Duplex.
406 3295 579 3443 Apud
618 3302 880 3407 Sebasten
922 3304 1234 3407 Armeniae:
1279 3302 1472 3404 natolis
1503 3304 1827 3408 sanctorum

148 3444 517 3581 quadraginta
545 3449 780 3550 militum
809 3444 1225 3588 Cappadocum.
1249 3442 1360 3568 Qui
1401 3449 1649 3586 tompore
1687 3446 1829 3556 Lici*

150 3590 227 3689 nii
269 3592 615 3728 imperatoris
654 3593 760 3695 sub
787 3592 1021 3731 praeside
1041 3588 1329 3728 Agricoloo
1357 3607 1481 3727 post
1502 3592 1743 3718 vincula,
1773 3610 1829 3699 et

151 3732 393 3837 carceres
434 3737 757 3858 teterrimos,
784 3754 908 3875 post
945 3768 1108 3838 caesas
1144 3732 1421 3872 lapidibus
1460 3732 1639 3857 iacies,
1669 3734 1830 3875 frigo

21 3918 36 3953 *
52 3875 373 3996 piasdissimo
412 3878 607 3982 hiemis
645 3882 897 4018 tempore
940 3875 1078 3980 nudi
1122 3878 1228 3981 sub
1255 3876 1350 3979 dio
1376 3877 1645 4017 expositi*
1672 3879 1829 4005 sunt,

0 4013 254 4187 iiiiiiubi
294 4022 417 4157 gelu
465 4024 759 4126 constricta
801 4023 990 4124 eorum
1026 4029 1256 4161 corpora
1296 4020 1829 4162 disrumpebantur:

1 4229 3 4252 2
29 4184 96 4255 issi.
154 4163 460 4268 acdemum
479 4166 803 4304 crurifragio
824 4168 1154 4308 martyrium
1167 4164 1832 4272 consummoruntErant

153 4327 341 4413 autem
361 4311 509 4433 iuter
529 4343 619 4415 eos
642 4310 935 4414 nobiliores
956 4309 1162 4452 Cyrion
1185 4327 1239 4414 et
1260 4306 1832 4451 Candiduszquorum

150 4455 403 4557 omnium
440 4454 730 4592 praeclaras
768 4454 963 4590 glorias
1000 4472 1219 4559 sanctus
1245 4452 1472 4559 Basilius
1496 4456 1699 4593 aliique
1721 4455 1830 4562 Pa·

149 4618 259 4702 tres
305 4599 524 4737 scriptis
561 4598 674 4702 suis
713 4600 1148 4711 celebraruntN
1156 4630 1328 4739 yssae:
1360 4600 1631 4737 depositio
1648 4603 1831 4707 sancti

150 4741 402 4875 Gregorii
445 4740 721 4881 Episcopi,
763 4742 942 4846 fratris
980 4744 1126 4846 beoti
1163 4741 1342 4845 Basilii
1387 4741 1587 4880 Magni,
1617 4742 1728 4846 vita
1777 4754 1834 4853 e't

149 4886 465 4988 eruditione
507 4886 806 4990 clarissimi.
830 4885 940 5009 Qui
980 4887 1053 4989 ob
1082 4886 1209 4990 lidei
1238 4885 1526 4992 catholicae
1548 4884 1833 4992 defensio·

147 5063 280 5132 nem
304 5027 411 5131 sub
440 5026 669 5134 Valente
706 5031 1040 5170 imperatore
1062 5031 1302 5133 Ariaino:
1335 5031 1555 5135 civitate
1579 5062 1680 5134 sua
1707 5033 1835 5171 pul·

144 5207 233 5274 sus
262 5189 356 5275 est.
390 5173 707 5279 Barcinone
732 5176 788 5276 in
821 5172 1116 5312 Hisponia:
1147 5175 1321 5278 sancti
1354 5174 1569 5280 Paciaini
1595 5172 1834 5313 Episco-

144 5317 223 5454 pi,
263 5334 379 5416 tam
421 5318 528 5418 vita
576 5351 747 5453 quam
794 5318 1048 5422 sermone
1094 5319 1395 5458 conspicui.
1425 5316 1537 5442 Qui
1578 5322 1835 5460 tompore

141 5456 449 5568 Theodosii
472 5463 761 5609 principis:
786 5464 846 5563 in
863 5462 1056 5563 ultima
1077 5464 1361 5569 senectute
1383 5462 1552 5569 linem
1574 5465 1702 5569 vitae
1719 5498 1833 5569 sor·
