<?xml version="1.0" encoding="UTF-8"?>
<!DOCTYPE html PUBLIC "-//W3C//DTD XHTML 1.0 Transitional//EN"
    "http://www.w3.org/TR/xhtml1/DTD/xhtml1-transitional.dtd">
<html xmlns="http://www.w3.org/1999/xhtml" xml:lang="en" lang="en">
 <head>
  <title>
</title>
<meta http-equiv="Content-Type" content="text/html;charset=utf-8" />
  <meta name='ocr-system' content='tesseract 3.04.00' />
  <meta name='ocr-capabilities' content='ocr_page ocr_carea ocr_par ocr_line ocrx_word'/>
</head>
<body>
  <div class='ocr_page' id='page_1' title='image "./martyrologiumsa00domigoog_0385.png"; bbox 0 0 3990 6082; ppageno 0'>
   <div class='ocr_carea' id='block_1_1' title="bbox 165 392 1322 476">
    <p class='ocr_par' dir='ltr' id='par_1_1' title="bbox 165 392 1322 476">
     <span class='ocr_line' id='line_1_1' title="bbox 165 392 1322 476; baseline -0.003 0"><span class='ocrx_word' id='word_1_1' title='bbox 165 395 213 476; x_wconf 63' lang='lat' dir='ltr'>ll</span> <span class='ocrx_word' id='word_1_2' title='bbox 678 392 772 471; x_wconf 76' lang='lat' dir='ltr'>Dist.</span> <span class='ocrx_word' id='word_1_3' title='bbox 806 392 858 470; x_wconf 90' lang='lat' dir='ltr'>ll.</span> <span class='ocrx_word' id='word_1_4' title='bbox 895 395 941 471; x_wconf 83' lang='lat' dir='ltr'>de</span> <span class='ocrx_word' id='word_1_5' title='bbox 972 392 1322 475; x_wconf 73' lang='lat' dir='ltr'>Praecaamttra.</span> 
     </span>
    </p>
   </div>
   <div class='ocr_carea' id='block_1_2' title="bbox 290 546 1697 696">
    <p class='ocr_par' dir='ltr' id='par_1_2' title="bbox 290 546 1697 696">
     <span class='ocr_line' id='line_1_2' title="bbox 290 546 1697 696; baseline 0 -20"><span class='ocrx_word' id='word_1_6' title='bbox 290 546 360 676; x_wconf 82' lang='lat' dir='ltr'>be</span> <span class='ocrx_word' id='word_1_7' title='bbox 405 592 930 675; x_wconf 79' lang='lat' dir='ltr'>Praeatcarorttos:</span> <span class='ocrx_word' id='word_1_8' title='bbox 960 592 1325 671; x_wconf 81' lang='lat' dir='ltr'>duodecimam</span> <span class='ocrx_word' id='word_1_9' title='bbox 1360 595 1697 696; x_wconf 72' lang='lat' dir='ltr'><strong><em>Capitulum.</em></strong></span> 
     </span>
    </p>
   </div>
   <div class='ocr_carea' id='block_1_3' title="bbox 161 769 1827 972">
    <p class='ocr_par' dir='ltr' id='par_1_3' title="bbox 161 769 1827 972">
     <span class='ocr_line' id='line_1_3' title="bbox 161 769 1827 972; baseline 0.002 -119"><span class='ocrx_word' id='word_1_10' title='bbox 161 799 425 972; x_wconf 82' lang='lat' dir='ltr'>Pnorrnmnr</span> <span class='ocrx_word' id='word_1_11' title='bbox 452 770 752 876; x_wconf 83' lang='lat' dir='ltr'>diligentissime</span> <span class='ocrx_word' id='word_1_12' title='bbox 783 769 953 865; x_wconf 83' lang='lat' dir='ltr'>Priores,</span> <span class='ocrx_word' id='word_1_13' title='bbox 976 791 1025 847; x_wconf 90' lang='lat' dir='ltr'>ne</span> <span class='ocrx_word' id='word_1_14' title='bbox 1051 771 1299 850; x_wconf 90' lang='lat' dir='ltr'>committant</span> <span class='ocrx_word' id='word_1_15' title='bbox 1327 775 1633 873; x_wconf 79' lang='lat' dir='ltr'>praedicationis</span> <span class='ocrx_word' id='word_1_16' title='bbox 1661 776 1827 858; x_wconf 89' lang='lat' dir='ltr'>officinm</span> 
     </span>
    </p>
   </div>
   <div class='ocr_carea' id='block_1_4' title="bbox 153 885 1830 5643">
    <p class='ocr_par' dir='ltr' id='par_1_4' title="bbox 160 885 1830 2264">
     <span class='ocr_line' id='line_1_4' title="bbox 256 885 1828 993; baseline 0.003 -25"><span class='ocrx_word' id='word_1_17' title='bbox 256 892 332 970; x_wconf 91' lang='lat' dir='ltr'>nisi</span> <span class='ocrx_word' id='word_1_18' title='bbox 360 892 561 970; x_wconf 81' lang='lat' dir='ltr'>Fratribus</span> <span class='ocrx_word' id='word_1_19' title='bbox 587 889 636 966; x_wconf 90' lang='lat' dir='ltr'>ad</span> <span class='ocrx_word' id='word_1_20' title='bbox 664 888 739 966; x_wconf 87' lang='lat' dir='ltr'>boc</span> <span class='ocrx_word' id='word_1_21' title='bbox 764 885 930 979; x_wconf 87' lang='lat' dir='ltr'>idoneis,</span> <span class='ocrx_word' id='word_1_22' title='bbox 962 896 1000 963; x_wconf 90' lang='lat' dir='ltr'>et</span> <span class='ocrx_word' id='word_1_23' title='bbox 1024 887 1203 966; x_wconf 92' lang='lat' dir='ltr'>moribus</span> <span class='ocrx_word' id='word_1_24' title='bbox 1229 911 1274 966; x_wconf 90' lang='lat' dir='ltr'>ac</span> <span class='ocrx_word' id='word_1_25' title='bbox 1301 889 1464 968; x_wconf 90' lang='lat' dir='ltr'>scientia</span> <span class='ocrx_word' id='word_1_26' title='bbox 1494 894 1756 993; x_wconf 90' lang='lat' dir='ltr'>approbatis;</span> <span class='ocrx_word' id='word_1_27' title='bbox 1786 920 1828 973; x_wconf 86' lang='lat' dir='ltr'>ne</span> 
     </span>
     <span class='ocr_line' id='line_1_5' title="bbox 162 1001 1829 1110; baseline 0.003 -25"><span class='ocrx_word' id='word_1_28' title='bbox 162 1031 208 1085; x_wconf 87' lang='lat' dir='ltr'>ex</span> <span class='ocrx_word' id='word_1_29' title='bbox 240 1030 376 1087; x_wconf 88' lang='lat' dir='ltr'>eorum</span> <span class='ocrx_word' id='word_1_30' title='bbox 414 1004 704 1097; x_wconf 88' lang='lat' dir='ltr'>insufficientia,</span> <span class='ocrx_word' id='word_1_31' title='bbox 743 1001 1061 1079; x_wconf 90' lang='lat' dir='ltr'>Praedicantium</span> <span class='ocrx_word' id='word_1_32' title='bbox 1089 1001 1199 1083; x_wconf 93' lang='lat' dir='ltr'>Ordo</span> <span class='ocrx_word' id='word_1_33' title='bbox 1226 1005 1356 1083; x_wconf 79' lang='lat' dir='ltr'>veniat</span> <span class='ocrx_word' id='word_1_34' title='bbox 1383 1006 1423 1080; x_wconf 95' lang='lat' dir='ltr'>in</span> <span class='ocrx_word' id='word_1_35' title='bbox 1452 1013 1729 1110; x_wconf 85' lang='lat' dir='ltr'>contemptum</span> <span class='ocrx_word' id='word_1_36' title='bbox 1762 1026 1829 1090; x_wconf 90' lang='lat' dir='ltr'>:et</span> 
     </span>
     <span class='ocr_line' id='line_1_6' title="bbox 160 1123 1828 1231; baseline 0.005 -25"><span class='ocrx_word' id='word_1_37' title='bbox 160 1139 291 1230; x_wconf 85' lang='lat' dir='ltr'>vergat</span> <span class='ocrx_word' id='word_1_38' title='bbox 319 1131 359 1204; x_wconf 96' lang='lat' dir='ltr'>in</span> <span class='ocrx_word' id='word_1_39' title='bbox 387 1129 609 1229; x_wconf 88' lang='lat' dir='ltr'>periculum</span> <span class='ocrx_word' id='word_1_40' title='bbox 638 1127 875 1205; x_wconf 86' lang='lat' dir='ltr'>animarum.</span> <span class='ocrx_word' id='word_1_41' title='bbox 908 1123 1127 1203; x_wconf 76' lang='lat' dir='ltr'>statuimus</span> <span class='ocrx_word' id='word_1_42' title='bbox 1154 1135 1299 1224; x_wconf 91' lang='lat' dir='ltr'>autem,</span> <span class='ocrx_word' id='word_1_43' title='bbox 1330 1128 1438 1228; x_wconf 93' lang='lat' dir='ltr'>quod</span> <span class='ocrx_word' id='word_1_44' title='bbox 1466 1130 1506 1206; x_wconf 91' lang='lat' dir='ltr'>in</span> <span class='ocrx_word' id='word_1_45' title='bbox 1536 1131 1721 1231; x_wconf 89' lang='lat' dir='ltr'>qualibet</span> <span class='ocrx_word' id='word_1_46' title='bbox 1744 1136 1828 1214; x_wconf 85' lang='lat' dir='ltr'>Pro</span> 
     </span>
     <span class='ocr_line' id='line_1_7' title="bbox 162 1241 1830 1344; baseline 0.005 -24"><span class='ocrx_word' id='word_1_47' title='bbox 162 1245 289 1322; x_wconf 84' lang='lat' dir='ltr'>vincia</span> <span class='ocrx_word' id='word_1_48' title='bbox 316 1268 337 1322; x_wconf 92' lang='lat' dir='ltr'>a</span> <span class='ocrx_word' id='word_1_49' title='bbox 365 1244 616 1322; x_wconf 88' lang='lat' dir='ltr'>Praesidente</span> <span class='ocrx_word' id='word_1_50' title='bbox 644 1256 681 1319; x_wconf 92' lang='lat' dir='ltr'>et</span> <span class='ocrx_word' id='word_1_51' title='bbox 711 1241 995 1320; x_wconf 88' lang='lat' dir='ltr'>Delinitoribus</span> <span class='ocrx_word' id='word_1_52' title='bbox 1022 1241 1279 1321; x_wconf 77' lang='lat' dir='ltr'>instituantur</span> <span class='ocrx_word' id='word_1_53' title='bbox 1304 1243 1428 1344; x_wconf 88' lang='lat' dir='ltr'>aliqui</span> <span class='ocrx_word' id='word_1_54' title='bbox 1454 1245 1528 1323; x_wconf 90' lang='lat' dir='ltr'>viri</span> <span class='ocrx_word' id='word_1_55' title='bbox 1557 1246 1680 1343; x_wconf 92' lang='lat' dir='ltr'>docti,</span> <span class='ocrx_word' id='word_1_56' title='bbox 1709 1261 1748 1328; x_wconf 89' lang='lat' dir='ltr'>et</span> <span class='ocrx_word' id='word_1_57' title='bbox 1780 1274 1830 1329; x_wconf 84' lang='lat' dir='ltr'>ze</span> 
     </span>
     <span class='ocr_line' id='line_1_8' title="bbox 162 1358 1826 1462; baseline 0.005 -26"><span class='ocrx_word' id='word_1_58' title='bbox 162 1361 244 1439; x_wconf 93' lang='lat' dir='ltr'>lum</span> <span class='ocrx_word' id='word_1_59' title='bbox 273 1360 488 1462; x_wconf 82' lang='lat' dir='ltr'>Religionis</span> <span class='ocrx_word' id='word_1_60' title='bbox 520 1360 723 1452; x_wconf 85' lang='lat' dir='ltr'>trabentes,</span> <span class='ocrx_word' id='word_1_61' title='bbox 753 1359 1044 1435; x_wconf 85' lang='lat' dir='ltr'>examinatores</span> <span class='ocrx_word' id='word_1_62' title='bbox 1077 1368 1115 1435; x_wconf 90' lang='lat' dir='ltr'>et</span> <span class='ocrx_word' id='word_1_63' title='bbox 1150 1358 1440 1458; x_wconf 87' lang='lat' dir='ltr'>approbatores</span> <span class='ocrx_word' id='word_1_64' title='bbox 1476 1364 1659 1442; x_wconf 90' lang='lat' dir='ltr'>omnium</span> <span class='ocrx_word' id='word_1_65' title='bbox 1696 1388 1826 1445; x_wconf 90' lang='lat' dir='ltr'>eorum</span> 
     </span>
     <span class='ocr_line' id='line_1_9' title="bbox 162 1480 1826 1579; baseline 0.002 -19"><span class='ocrx_word' id='word_1_66' title='bbox 162 1483 481 1560; x_wconf 88' lang='lat' dir='ltr'>Praedicatorum</span> <span class='ocrx_word' id='word_1_67' title='bbox 508 1493 546 1559; x_wconf 88' lang='lat' dir='ltr'>et</span> <span class='ocrx_word' id='word_1_68' title='bbox 573 1480 867 1574; x_wconf 83' lang='lat' dir='ltr'>Confessorum,</span> <span class='ocrx_word' id='word_1_69' title='bbox 897 1503 997 1579; x_wconf 92' lang='lat' dir='ltr'>quos</span> <span class='ocrx_word' id='word_1_70' title='bbox 1028 1502 1108 1557; x_wconf 93' lang='lat' dir='ltr'>non</span> <span class='ocrx_word' id='word_1_71' title='bbox 1135 1489 1288 1560; x_wconf 88' lang='lat' dir='ltr'>constat</span> <span class='ocrx_word' id='word_1_72' title='bbox 1316 1483 1522 1562; x_wconf 85' lang='lat' dir='ltr'>manifeste</span> <span class='ocrx_word' id='word_1_73' title='bbox 1551 1506 1645 1563; x_wconf 91' lang='lat' dir='ltr'>esse</span> <span class='ocrx_word' id='word_1_74' title='bbox 1667 1486 1826 1566; x_wconf 90' lang='lat' dir='ltr'>doctos:</span> 
     </span>
     <span class='ocr_line' id='line_1_10' title="bbox 161 1597 1826 1703; baseline 0.002 -27"><span class='ocrx_word' id='word_1_75' title='bbox 161 1602 215 1678; x_wconf 92' lang='lat' dir='ltr'>ita</span> <span class='ocrx_word' id='word_1_76' title='bbox 247 1599 352 1700; x_wconf 92' lang='lat' dir='ltr'>quod</span> <span class='ocrx_word' id='word_1_77' title='bbox 392 1599 522 1677; x_wconf 92' lang='lat' dir='ltr'>nullus</span> <span class='ocrx_word' id='word_1_78' title='bbox 558 1600 711 1687; x_wconf 86' lang='lat' dir='ltr'>talium,</span> <span class='ocrx_word' id='word_1_79' title='bbox 748 1599 824 1674; x_wconf 89' lang='lat' dir='ltr'>nisi</span> <span class='ocrx_word' id='word_1_80' title='bbox 858 1597 1101 1697; x_wconf 88' lang='lat' dir='ltr'>approbatus</span> <span class='ocrx_word' id='word_1_81' title='bbox 1137 1619 1158 1674; x_wconf 90' lang='lat' dir='ltr'>a</span> <span class='ocrx_word' id='word_1_82' title='bbox 1190 1597 1347 1676; x_wconf 93' lang='lat' dir='ltr'>duobus</span> <span class='ocrx_word' id='word_1_83' title='bbox 1382 1621 1520 1678; x_wconf 86' lang='lat' dir='ltr'>eorum</span> <span class='ocrx_word' id='word_1_84' title='bbox 1556 1601 1598 1676; x_wconf 95' lang='lat' dir='ltr'>in</span> <span class='ocrx_word' id='word_1_85' title='bbox 1635 1603 1826 1703; x_wconf 90' lang='lat' dir='ltr'>scriptis,</span> 
     </span>
     <span class='ocr_line' id='line_1_11' title="bbox 160 1711 1828 1818; baseline -0.001 -23"><span class='ocrx_word' id='word_1_86' title='bbox 160 1716 217 1795; x_wconf 84' lang='lat' dir='ltr'>vel</span> <span class='ocrx_word' id='word_1_87' title='bbox 253 1715 474 1794; x_wconf 88' lang='lat' dir='ltr'>declaratus</span> <span class='ocrx_word' id='word_1_88' title='bbox 507 1740 528 1792; x_wconf 93' lang='lat' dir='ltr'>a</span> <span class='ocrx_word' id='word_1_89' title='bbox 572 1715 802 1792; x_wconf 81' lang='lat' dir='ltr'>Definitorio</span> <span class='ocrx_word' id='word_1_90' title='bbox 833 1714 873 1788; x_wconf 92' lang='lat' dir='ltr'>in</span> <span class='ocrx_word' id='word_1_91' title='bbox 912 1713 1083 1813; x_wconf 83' lang='lat' dir='ltr'>scriptis,</span> <span class='ocrx_word' id='word_1_92' title='bbox 1116 1711 1315 1792; x_wconf 90' lang='lat' dir='ltr'>sufficiens</span> <span class='ocrx_word' id='word_1_93' title='bbox 1343 1726 1380 1792; x_wconf 89' lang='lat' dir='ltr'>et</span> <span class='ocrx_word' id='word_1_94' title='bbox 1407 1715 1577 1794; x_wconf 94' lang='lat' dir='ltr'>idoneus</span> <span class='ocrx_word' id='word_1_95' title='bbox 1602 1716 1655 1796; x_wconf 89' lang='lat' dir='ltr'>ad</span> <span class='ocrx_word' id='word_1_96' title='bbox 1682 1717 1828 1818; x_wconf 88' lang='lat' dir='ltr'>praedi·</span> 
     </span>
     <span class='ocr_line' id='line_1_12' title="bbox 161 1829 1825 1934; baseline 0.002 -25"><span class='ocrx_word' id='word_1_97' title='bbox 161 1831 360 1926; x_wconf 92' lang='lat' dir='ltr'>candum,</span> <span class='ocrx_word' id='word_1_98' title='bbox 400 1832 458 1909; x_wconf 87' lang='lat' dir='ltr'>vel</span> <span class='ocrx_word' id='word_1_99' title='bbox 502 1832 769 1911; x_wconf 78' lang='lat' dir='ltr'>confessiones</span> <span class='ocrx_word' id='word_1_100' title='bbox 802 1838 1080 1907; x_wconf 88' lang='lat' dir='ltr'>extraneorum</span> <span class='ocrx_word' id='word_1_101' title='bbox 1115 1829 1355 1908; x_wconf 86' lang='lat' dir='ltr'>audiendum</span> <span class='ocrx_word' id='word_1_102' title='bbox 1393 1830 1631 1930; x_wconf 86' lang='lat' dir='ltr'>:praedicet</span> <span class='ocrx_word' id='word_1_103' title='bbox 1669 1833 1825 1934; x_wconf 90' lang='lat' dir='ltr'>populo,</span> 
     </span>
     <span class='ocr_line' id='line_1_13' title="bbox 162 1948 1827 2056; baseline -0.001 -23"><span class='ocrx_word' id='word_1_104' title='bbox 162 1956 283 2033; x_wconf 89' lang='lat' dir='ltr'>etiam</span> <span class='ocrx_word' id='word_1_105' title='bbox 337 1955 375 2029; x_wconf 92' lang='lat' dir='ltr'>in</span> <span class='ocrx_word' id='word_1_106' title='bbox 424 1953 609 2045; x_wconf 90' lang='lat' dir='ltr'>villulis,</span> <span class='ocrx_word' id='word_1_107' title='bbox 645 1963 712 2029; x_wconf 89' lang='lat' dir='ltr'>aut</span> <span class='ocrx_word' id='word_1_108' title='bbox 756 1949 890 2052; x_wconf 86' lang='lat' dir='ltr'>audiat</span> <span class='ocrx_word' id='word_1_109' title='bbox 932 1948 1204 2028; x_wconf 82' lang='lat' dir='ltr'>confessiones</span> <span class='ocrx_word' id='word_1_110' title='bbox 1244 1957 1555 2049; x_wconf 89' lang='lat' dir='ltr'>extraneorum,</span> <span class='ocrx_word' id='word_1_111' title='bbox 1597 1953 1672 2031; x_wconf 89' lang='lat' dir='ltr'>sub</span> <span class='ocrx_word' id='word_1_112' title='bbox 1709 1977 1827 2056; x_wconf 89' lang='lat' dir='ltr'>poena</span> 
     </span>
     <span class='ocr_line' id='line_1_14' title="bbox 163 2064 1827 2166; baseline -0.002 -17"><span class='ocrx_word' id='word_1_113' title='bbox 163 2070 345 2149; x_wconf 89' lang='lat' dir='ltr'>carceris.</span> <span class='ocrx_word' id='word_1_114' title='bbox 387 2070 432 2146; x_wconf 90' lang='lat' dir='ltr'>Et</span> <span class='ocrx_word' id='word_1_115' title='bbox 460 2069 722 2145; x_wconf 88' lang='lat' dir='ltr'>nibilominus</span> <span class='ocrx_word' id='word_1_116' title='bbox 761 2064 1033 2144; x_wconf 90' lang='lat' dir='ltr'>Praesidentes</span> <span class='ocrx_word' id='word_1_117' title='bbox 1063 2066 1138 2144; x_wconf 89' lang='lat' dir='ltr'>hoc</span> <span class='ocrx_word' id='word_1_118' title='bbox 1174 2067 1473 2166; x_wconf 87' lang='lat' dir='ltr'>permittentes:</span> <span class='ocrx_word' id='word_1_119' title='bbox 1493 2068 1544 2145; x_wconf 86' lang='lat' dir='ltr'>ab</span> <span class='ocrx_word' id='word_1_120' title='bbox 1580 2067 1726 2147; x_wconf 88' lang='lat' dir='ltr'>officiis</span> <span class='ocrx_word' id='word_1_121' title='bbox 1757 2072 1827 2148; x_wconf 90' lang='lat' dir='ltr'>suis</span> 
     </span>
     <span class='ocr_line' id='line_1_15' title="bbox 163 2184 1368 2264; baseline -0.005 0"><span class='ocrx_word' id='word_1_122' title='bbox 163 2184 431 2264; x_wconf 86' lang='lat' dir='ltr'>absolvantur.</span> <span class='ocrx_word' id='word_1_123' title='bbox 1367 2229 1368 2233; x_wconf 20' lang='grc' dir='ltr'><strong><em>κ</em></strong></span> 
     </span>
    </p>

    <p class='ocr_par' dir='ltr' id='par_1_5' title="bbox 158 2297 1823 3554">
     <span class='ocr_line' id='line_1_16' title="bbox 213 2297 1823 2399; baseline -0.001 -17"><span class='ocrx_word' id='word_1_124' title='bbox 213 2302 352 2382; x_wconf 91' lang='lat' dir='ltr'>Nullus</span> <span class='ocrx_word' id='word_1_125' title='bbox 384 2306 606 2379; x_wconf 88' lang='lat' dir='ltr'>assumatur</span> <span class='ocrx_word' id='word_1_126' title='bbox 640 2300 689 2375; x_wconf 91' lang='lat' dir='ltr'>ad</span> <span class='ocrx_word' id='word_1_127' title='bbox 723 2298 1031 2399; x_wconf 85' lang='lat' dir='ltr'>praedicationis</span> <span class='ocrx_word' id='word_1_128' title='bbox 1059 2297 1235 2376; x_wconf 91' lang='lat' dir='ltr'>officinm</span> <span class='ocrx_word' id='word_1_129' title='bbox 1266 2308 1372 2378; x_wconf 89' lang='lat' dir='ltr'>extra</span> <span class='ocrx_word' id='word_1_130' title='bbox 1403 2299 1623 2379; x_wconf 86' lang='lat' dir='ltr'>claustrum</span> <span class='ocrx_word' id='word_1_131' title='bbox 1659 2311 1699 2381; x_wconf 90' lang='lat' dir='ltr'>et</span> <span class='ocrx_word' id='word_1_132' title='bbox 1743 2303 1823 2379; x_wconf 85' lang='lat' dir='ltr'>Fra·</span> 
     </span>
     <span class='ocr_line' id='line_1_17' title="bbox 163 2414 1822 2518; baseline -0.002 -21"><span class='ocrx_word' id='word_1_133' title='bbox 163 2431 266 2497; x_wconf 92' lang='lat' dir='ltr'>trum</span> <span class='ocrx_word' id='word_1_134' title='bbox 296 2417 541 2496; x_wconf 84' lang='lat' dir='ltr'>consortium</span> <span class='ocrx_word' id='word_1_135' title='bbox 572 2415 671 2490; x_wconf 89' lang='lat' dir='ltr'>inlra</span> <span class='ocrx_word' id='word_1_136' title='bbox 698 2414 1016 2515; x_wconf 83' lang='lat' dir='ltr'>vigintiquinque</span> <span class='ocrx_word' id='word_1_137' title='bbox 1044 2435 1198 2492; x_wconf 86' lang='lat' dir='ltr'>annos:</span> <span class='ocrx_word' id='word_1_138' title='bbox 1231 2437 1302 2492; x_wconf 89' lang='lat' dir='ltr'>nec</span> <span class='ocrx_word' id='word_1_139' title='bbox 1331 2415 1537 2516; x_wconf 86' lang='lat' dir='ltr'>praedicet</span> <span class='ocrx_word' id='word_1_140' title='bbox 1562 2416 1732 2518; x_wconf 91' lang='lat' dir='ltr'>populo,</span> <span class='ocrx_word' id='word_1_141' title='bbox 1762 2439 1822 2494; x_wconf 88' lang='lat' dir='ltr'>nec</span> 
     </span>
     <span class='ocr_line' id='line_1_18' title="bbox 161 2529 1819 2632; baseline -0.003 -20"><span class='ocrx_word' id='word_1_142' title='bbox 161 2534 429 2614; x_wconf 81' lang='lat' dir='ltr'>confessiones</span> <span class='ocrx_word' id='word_1_143' title='bbox 450 2531 587 2608; x_wconf 92' lang='lat' dir='ltr'>audiat</span> <span class='ocrx_word' id='word_1_144' title='bbox 613 2541 890 2608; x_wconf 84' lang='lat' dir='ltr'>extraneorum</span> <span class='ocrx_word' id='word_1_145' title='bbox 920 2529 1005 2605; x_wconf 91' lang='lat' dir='ltr'>sine</span> <span class='ocrx_word' id='word_1_146' title='bbox 1034 2529 1191 2606; x_wconf 88' lang='lat' dir='ltr'>licentia</span> <span class='ocrx_word' id='word_1_147' title='bbox 1220 2529 1368 2607; x_wconf 84' lang='lat' dir='ltr'>Prioris</span> <span class='ocrx_word' id='word_1_148' title='bbox 1399 2531 1476 2619; x_wconf 87' lang='lat' dir='ltr'>sui,</span> <span class='ocrx_word' id='word_1_149' title='bbox 1502 2531 1544 2607; x_wconf 94' lang='lat' dir='ltr'>in</span> <span class='ocrx_word' id='word_1_150' title='bbox 1571 2529 1759 2632; x_wconf 88' lang='lat' dir='ltr'>Capitnlo</span> <span class='ocrx_word' id='word_1_151' title='bbox 1781 2530 1819 2608; x_wconf 86' lang='lat' dir='ltr'>de</span> 
     </span>
     <span class='ocr_line' id='line_1_19' title="bbox 158 2644 1817 2749; baseline -0.001 -21"><span class='ocrx_word' id='word_1_152' title='bbox 158 2648 326 2729; x_wconf 91' lang='lat' dir='ltr'>consilio</span> <span class='ocrx_word' id='word_1_153' title='bbox 353 2649 613 2726; x_wconf 90' lang='lat' dir='ltr'>discretorum</span> <span class='ocrx_word' id='word_1_154' title='bbox 643 2646 717 2721; x_wconf 89' lang='lat' dir='ltr'>sibi</span> <span class='ocrx_word' id='word_1_155' title='bbox 744 2646 848 2722; x_wconf 89' lang='lat' dir='ltr'>data.</span> <span class='ocrx_word' id='word_1_156' title='bbox 884 2644 944 2720; x_wconf 93' lang='lat' dir='ltr'>llli</span> <span class='ocrx_word' id='word_1_157' title='bbox 973 2667 1078 2738; x_wconf 89' lang='lat' dir='ltr'>vero,</span> <span class='ocrx_word' id='word_1_158' title='bbox 1109 2645 1177 2745; x_wconf 92' lang='lat' dir='ltr'>qui</span> <span class='ocrx_word' id='word_1_159' title='bbox 1205 2647 1286 2745; x_wconf 89' lang='lat' dir='ltr'>apti</span> <span class='ocrx_word' id='word_1_160' title='bbox 1308 2657 1413 2740; x_wconf 90' lang='lat' dir='ltr'>sunt,</span> <span class='ocrx_word' id='word_1_161' title='bbox 1445 2668 1535 2724; x_wconf 89' lang='lat' dir='ltr'>cum</span> <span class='ocrx_word' id='word_1_162' title='bbox 1564 2647 1605 2724; x_wconf 94' lang='lat' dir='ltr'>in</span> <span class='ocrx_word' id='word_1_163' title='bbox 1638 2647 1817 2749; x_wconf 79' lang='lat' dir='ltr'>praedica</span> 
     </span>
     <span class='ocr_line' id='line_1_20' title="bbox 158 2760 1814 2864; baseline -0.002 -20"><span class='ocrx_word' id='word_1_164' title='bbox 158 2767 307 2844; x_wconf 89' lang='lat' dir='ltr'>tionem</span> <span class='ocrx_word' id='word_1_165' title='bbox 343 2766 448 2841; x_wconf 88' lang='lat' dir='ltr'>exire</span> <span class='ocrx_word' id='word_1_166' title='bbox 485 2762 725 2839; x_wconf 88' lang='lat' dir='ltr'>debuerint:</span> <span class='ocrx_word' id='word_1_167' title='bbox 756 2763 811 2838; x_wconf 91' lang='lat' dir='ltr'>eis</span> <span class='ocrx_word' id='word_1_168' title='bbox 844 2761 938 2837; x_wconf 91' lang='lat' dir='ltr'>socii</span> <span class='ocrx_word' id='word_1_169' title='bbox 980 2760 1182 2837; x_wconf 89' lang='lat' dir='ltr'>dabuntur</span> <span class='ocrx_word' id='word_1_170' title='bbox 1218 2783 1240 2837; x_wconf 86' lang='lat' dir='ltr'>a</span> <span class='ocrx_word' id='word_1_171' title='bbox 1275 2760 1426 2857; x_wconf 87' lang='lat' dir='ltr'>Priore,</span> <span class='ocrx_word' id='word_1_172' title='bbox 1467 2763 1691 2840; x_wconf 89' lang='lat' dir='ltr'>secundum</span> <span class='ocrx_word' id='word_1_173' title='bbox 1724 2761 1814 2864; x_wconf 87' lang='lat' dir='ltr'>qnod</span> 
     </span>
     <span class='ocr_line' id='line_1_21' title="bbox 158 2875 1811 2978; baseline -0.002 -22"><span class='ocrx_word' id='word_1_174' title='bbox 158 2881 336 2960; x_wconf 92' lang='lat' dir='ltr'>moribus</span> <span class='ocrx_word' id='word_1_175' title='bbox 366 2901 518 2975; x_wconf 91' lang='lat' dir='ltr'>eorum,</span> <span class='ocrx_word' id='word_1_176' title='bbox 556 2889 593 2953; x_wconf 90' lang='lat' dir='ltr'>et</span> <span class='ocrx_word' id='word_1_177' title='bbox 630 2878 821 2953; x_wconf 86' lang='lat' dir='ltr'>lronestati</span> <span class='ocrx_word' id='word_1_178' title='bbox 853 2875 1088 2973; x_wconf 87' lang='lat' dir='ltr'>judicaverit</span> <span class='ocrx_word' id='word_1_179' title='bbox 1123 2875 1323 2976; x_wconf 89' lang='lat' dir='ltr'>expedire.</span> <span class='ocrx_word' id='word_1_180' title='bbox 1361 2877 1437 2972; x_wconf 83' lang='lat' dir='ltr'>Qui</span> <span class='ocrx_word' id='word_1_181' title='bbox 1473 2884 1636 2978; x_wconf 86' lang='lat' dir='ltr'>accepta</span> <span class='ocrx_word' id='word_1_182' title='bbox 1669 2877 1811 2956; x_wconf 89' lang='lat' dir='ltr'>benedi·</span> 
     </span>
     <span class='ocr_line' id='line_1_22' title="bbox 158 2991 1809 3091; baseline -0.002 -18"><span class='ocrx_word' id='word_1_183' title='bbox 158 2997 289 3075; x_wconf 90' lang='lat' dir='ltr'>ctione</span> <span class='ocrx_word' id='word_1_184' title='bbox 322 3003 506 3072; x_wconf 88' lang='lat' dir='ltr'>exeuntes</span> <span class='ocrx_word' id='word_1_185' title='bbox 535 3023 544 3084; x_wconf 85' lang='lat'>;</span> <span class='ocrx_word' id='word_1_186' title='bbox 576 2992 722 3091; x_wconf 89' lang='lat' dir='ltr'>ubique</span> <span class='ocrx_word' id='word_1_187' title='bbox 756 2995 975 3091; x_wconf 87' lang='lat' dir='ltr'>(tamquam</span> <span class='ocrx_word' id='word_1_188' title='bbox 1010 2991 1098 3087; x_wconf 86' lang='lat' dir='ltr'>viri,</span> <span class='ocrx_word' id='word_1_189' title='bbox 1137 2992 1204 3091; x_wconf 92' lang='lat' dir='ltr'>qui</span> <span class='ocrx_word' id='word_1_190' title='bbox 1242 3000 1424 3069; x_wconf 90' lang='lat' dir='ltr'>suamet</span> <span class='ocrx_word' id='word_1_191' title='bbox 1457 2992 1631 3071; x_wconf 91' lang='lat' dir='ltr'>aliorum</span> <span class='ocrx_word' id='word_1_192' title='bbox 1665 2993 1809 3072; x_wconf 84' lang='lat' dir='ltr'>salutem</span> 
     </span>
     <span class='ocr_line' id='line_1_23' title="bbox 161 3107 1811 3212; baseline -0.002 -24"><span class='ocrx_word' id='word_1_193' title='bbox 161 3134 373 3212; x_wconf 91' lang='lat' dir='ltr'>procurare</span> <span class='ocrx_word' id='word_1_194' title='bbox 400 3110 644 3207; x_wconf 76' lang='lat' dir='ltr'>desiderant)</span> <span class='ocrx_word' id='word_1_195' title='bbox 676 3107 858 3208; x_wconf 89' lang='lat' dir='ltr'>religiose</span> <span class='ocrx_word' id='word_1_196' title='bbox 887 3118 924 3185; x_wconf 91' lang='lat' dir='ltr'>et</span> <span class='ocrx_word' id='word_1_197' title='bbox 952 3108 1117 3184; x_wconf 88' lang='lat' dir='ltr'>honeste</span> <span class='ocrx_word' id='word_1_198' title='bbox 1144 3129 1185 3183; x_wconf 93' lang='lat' dir='ltr'>se</span> <span class='ocrx_word' id='word_1_199' title='bbox 1213 3107 1397 3204; x_wconf 88' lang='lat' dir='ltr'>habeant,</span> <span class='ocrx_word' id='word_1_200' title='bbox 1430 3107 1531 3187; x_wconf 91' lang='lat' dir='ltr'>sicut</span> <span class='ocrx_word' id='word_1_201' title='bbox 1558 3108 1634 3185; x_wconf 88' lang='lat' dir='ltr'>viri</span> <span class='ocrx_word' id='word_1_202' title='bbox 1664 3109 1811 3209; x_wconf 84' lang='lat' dir='ltr'>Erange</span> 
     </span>
     <span class='ocr_line' id='line_1_24' title="bbox 160 3221 1811 3326; baseline -0.003 -24"><span class='ocrx_word' id='word_1_203' title='bbox 160 3227 254 3305; x_wconf 90' lang='lat' dir='ltr'>lici:</span> <span class='ocrx_word' id='word_1_204' title='bbox 283 3229 341 3306; x_wconf 92' lang='lat' dir='ltr'>sui</span> <span class='ocrx_word' id='word_1_205' title='bbox 370 3233 576 3326; x_wconf 88' lang='lat' dir='ltr'>sequentes</span> <span class='ocrx_word' id='word_1_206' title='bbox 606 3224 768 3324; x_wconf 84' lang='lat' dir='ltr'>vestigia</span> <span class='ocrx_word' id='word_1_207' title='bbox 800 3222 1044 3303; x_wconf 78' lang='lat' dir='ltr'>salvatoris:</span> <span class='ocrx_word' id='word_1_208' title='bbox 1076 3244 1167 3299; x_wconf 87' lang='lat' dir='ltr'>cum</span> <span class='ocrx_word' id='word_1_209' title='bbox 1196 3221 1287 3318; x_wconf 86' lang='lat' dir='ltr'>Deo,</span> <span class='ocrx_word' id='word_1_210' title='bbox 1318 3222 1377 3301; x_wconf 88' lang='lat' dir='ltr'>vel</span> <span class='ocrx_word' id='word_1_211' title='bbox 1403 3223 1454 3301; x_wconf 93' lang='lat' dir='ltr'>de</span> <span class='ocrx_word' id='word_1_212' title='bbox 1483 3224 1566 3302; x_wconf 88' lang='lat' dir='ltr'>Deo</span> <span class='ocrx_word' id='word_1_213' title='bbox 1595 3246 1742 3320; x_wconf 77' lang='lat' dir='ltr'>secum</span> <span class='ocrx_word' id='word_1_214' title='bbox 1769 3221 1811 3300; x_wconf 87' lang='lat' dir='ltr'>rel</span> 
     </span>
     <span class='ocr_line' id='line_1_25' title="bbox 160 3338 1813 3442; baseline -0.005 -20"><span class='ocrx_word' id='word_1_215' title='bbox 160 3366 249 3422; x_wconf 91' lang='lat' dir='ltr'>cum</span> <span class='ocrx_word' id='word_1_216' title='bbox 286 3341 478 3442; x_wconf 84' lang='lat' dir='ltr'>proximis</span> <span class='ocrx_word' id='word_1_217' title='bbox 511 3340 662 3418; x_wconf 89' lang='lat' dir='ltr'>utiliter</span> <span class='ocrx_word' id='word_1_218' title='bbox 698 3339 897 3439; x_wconf 91' lang='lat' dir='ltr'>loquendo</span> <span class='ocrx_word' id='word_1_219' title='bbox 921 3367 927 3413; x_wconf 94' lang='lat'><strong>:</strong></span> <span class='ocrx_word' id='word_1_220' title='bbox 950 3338 1130 3416; x_wconf 87' lang='lat' dir='ltr'>vitabunt</span> <span class='ocrx_word' id='word_1_221' title='bbox 1166 3338 1378 3436; x_wconf 91' lang='lat' dir='ltr'>suspiciosi</span> <span class='ocrx_word' id='word_1_222' title='bbox 1415 3339 1630 3418; x_wconf 90' lang='lat' dir='ltr'>comitatus</span> <span class='ocrx_word' id='word_1_223' title='bbox 1674 3338 1813 3418; x_wconf 81' lang='lat' dir='ltr'>familia</span> 
     </span>
     <span class='ocr_line' id='line_1_26' title="bbox 159 3454 1658 3554; baseline -0.001 -21"><span class='ocrx_word' id='word_1_224' title='bbox 159 3460 328 3535; x_wconf 86' lang='lat' dir='ltr'>ritatem.</span> <span class='ocrx_word' id='word_1_225' title='bbox 362 3457 519 3534; x_wconf 86' lang='lat' dir='ltr'>Placitis</span> <span class='ocrx_word' id='word_1_226' title='bbox 546 3467 583 3533; x_wconf 88' lang='lat' dir='ltr'>et</span> <span class='ocrx_word' id='word_1_227' title='bbox 611 3457 753 3538; x_wconf 64' lang='lat' dir='ltr'>causis„</span> <span class='ocrx_word' id='word_1_228' title='bbox 789 3455 863 3530; x_wconf 91' lang='lat' dir='ltr'>nisi</span> <span class='ocrx_word' id='word_1_229' title='bbox 896 3476 967 3552; x_wconf 90' lang='lat' dir='ltr'>pro</span> <span class='ocrx_word' id='word_1_230' title='bbox 1001 3454 1092 3530; x_wconf 88' lang='lat' dir='ltr'>fidei</span> <span class='ocrx_word' id='word_1_231' title='bbox 1123 3455 1315 3554; x_wconf 89' lang='lat' dir='ltr'>negotiis:</span> <span class='ocrx_word' id='word_1_232' title='bbox 1349 3476 1428 3533; x_wconf 94' lang='lat' dir='ltr'>non</span> <span class='ocrx_word' id='word_1_233' title='bbox 1457 3454 1658 3538; x_wconf 91' lang='lat' dir='ltr'>intersint.</span> 
     </span>
    </p>

    <p class='ocr_par' dir='ltr' id='par_1_6' title="bbox 157 3568 1810 4810">
     <span class='ocr_line' id='line_1_27' title="bbox 208 3568 1808 3671; baseline -0.001 -21"><span class='ocrx_word' id='word_1_234' title='bbox 208 3575 305 3650; x_wconf 84' lang='lat' dir='ltr'>Cum</span> <span class='ocrx_word' id='word_1_235' title='bbox 345 3573 493 3649; x_wconf 82' lang='lat' dir='ltr'>Fratres</span> <span class='ocrx_word' id='word_1_236' title='bbox 532 3573 655 3649; x_wconf 87' lang='lat' dir='ltr'>nostri</span> <span class='ocrx_word' id='word_1_237' title='bbox 708 3571 928 3647; x_wconf 82' lang='lat' dir='ltr'>Diocaesim</span> <span class='ocrx_word' id='word_1_238' title='bbox 970 3568 1138 3667; x_wconf 86' lang='lat' dir='ltr'>alicujus</span> <span class='ocrx_word' id='word_1_239' title='bbox 1187 3568 1374 3670; x_wconf 83' lang='lat' dir='ltr'>Episcopi</span> <span class='ocrx_word' id='word_1_240' title='bbox 1417 3571 1467 3647; x_wconf 91' lang='lat' dir='ltr'>ad</span> <span class='ocrx_word' id='word_1_241' title='bbox 1516 3569 1808 3671; x_wconf 86' lang='lat' dir='ltr'>praedicandum</span> 
     </span>
     <span class='ocr_line' id='line_1_28' title="bbox 163 3683 1809 3786; baseline 0 -23"><span class='ocrx_word' id='word_1_242' title='bbox 163 3687 393 3765; x_wconf 84' lang='lat' dir='ltr'>intraverint</span> <span class='ocrx_word' id='word_1_243' title='bbox 421 3715 431 3776; x_wconf 90' lang='lat'>;</span> <span class='ocrx_word' id='word_1_244' title='bbox 460 3687 604 3786; x_wconf 92' lang='lat' dir='ltr'>primo,</span> <span class='ocrx_word' id='word_1_245' title='bbox 641 3687 672 3762; x_wconf 94' lang='lat' dir='ltr'>si</span> <span class='ocrx_word' id='word_1_246' title='bbox 711 3694 923 3786; x_wconf 88' lang='lat' dir='ltr'>poterunt,</span> <span class='ocrx_word' id='word_1_247' title='bbox 959 3683 1176 3763; x_wconf 90' lang='lat' dir='ltr'>visitabunt</span> <span class='ocrx_word' id='word_1_248' title='bbox 1218 3683 1494 3785; x_wconf 88' lang='lat' dir='ltr'>Episcopum:</span> <span class='ocrx_word' id='word_1_249' title='bbox 1527 3695 1569 3764; x_wconf 92' lang='lat' dir='ltr'>ut</span> <span class='ocrx_word' id='word_1_250' title='bbox 1615 3684 1809 3765; x_wconf 84' lang='lat' dir='ltr'>secundum</span> 
     </span>
     <span class='ocr_line' id='line_1_29' title="bbox 159 3798 1810 3902; baseline -0.002 -22"><span class='ocrx_word' id='word_1_251' title='bbox 159 3802 369 3882; x_wconf 92' lang='lat' dir='ltr'>consilium</span> <span class='ocrx_word' id='word_1_252' title='bbox 407 3804 492 3902; x_wconf 77' lang='lat' dir='ltr'>eJus</span> <span class='ocrx_word' id='word_1_253' title='bbox 523 3803 562 3878; x_wconf 94' lang='lat' dir='ltr'>in</span> <span class='ocrx_word' id='word_1_254' title='bbox 600 3801 747 3901; x_wconf 92' lang='lat' dir='ltr'>populo</span> <span class='ocrx_word' id='word_1_255' title='bbox 783 3800 927 3878; x_wconf 81' lang='lat' dir='ltr'>iaciant</span> <span class='ocrx_word' id='word_1_256' title='bbox 957 3799 1142 3894; x_wconf 83' lang='lat' dir='ltr'>fructum,</span> <span class='ocrx_word' id='word_1_257' title='bbox 1177 3821 1295 3899; x_wconf 93' lang='lat' dir='ltr'>quem</span> <span class='ocrx_word' id='word_1_258' title='bbox 1338 3798 1466 3879; x_wconf 88' lang='lat' dir='ltr'>facere</span> <span class='ocrx_word' id='word_1_259' title='bbox 1508 3801 1736 3882; x_wconf 92' lang='lat' dir='ltr'>intendunt.</span> <span class='ocrx_word' id='word_1_260' title='bbox 1775 3798 1810 3877; x_wconf 91' lang='lat' dir='ltr'>Et</span> 
     </span>
     <span class='ocr_line' id='line_1_30' title="bbox 160 3915 1807 4019; baseline -0.003 -23"><span class='ocrx_word' id='word_1_261' title='bbox 160 3918 350 4019; x_wconf 89' lang='lat' dir='ltr'>quamdiu</span> <span class='ocrx_word' id='word_1_262' title='bbox 378 3918 417 3994; x_wconf 90' lang='lat' dir='ltr'>in</span> <span class='ocrx_word' id='word_1_263' title='bbox 446 3919 528 4016; x_wconf 75' lang='lat' dir='ltr'>eius</span> <span class='ocrx_word' id='word_1_264' title='bbox 555 3915 794 4018; x_wconf 88' lang='lat' dir='ltr'>Episcopatu</span> <span class='ocrx_word' id='word_1_265' title='bbox 822 3916 994 3994; x_wconf 77' lang='lat' dir='ltr'>inerint:</span> <span class='ocrx_word' id='word_1_266' title='bbox 1023 3916 1097 4015; x_wconf 93' lang='lat' dir='ltr'>ipsi</span> <span class='ocrx_word' id='word_1_267' title='bbox 1127 3917 1265 3992; x_wconf 88' lang='lat' dir='ltr'>devote</span> <span class='ocrx_word' id='word_1_268' title='bbox 1294 3915 1522 3995; x_wconf 85' lang='lat' dir='ltr'>obedientes</span> <span class='ocrx_word' id='word_1_269' title='bbox 1551 3924 1683 3997; x_wconf 89' lang='lat' dir='ltr'>erunt.</span> <span class='ocrx_word' id='word_1_270' title='bbox 1714 3918 1807 3997; x_wconf 86' lang='lat' dir='ltr'>Prae·</span> 
     </span>
     <span class='ocr_line' id='line_1_31' title="bbox 159 4030 1810 4136; baseline -0.004 -22"><span class='ocrx_word' id='word_1_271' title='bbox 159 4037 292 4114; x_wconf 87' lang='lat' dir='ltr'>dicare</span> <span class='ocrx_word' id='word_1_272' title='bbox 318 4057 409 4113; x_wconf 91' lang='lat' dir='ltr'>vero</span> <span class='ocrx_word' id='word_1_273' title='bbox 439 4057 518 4111; x_wconf 94' lang='lat' dir='ltr'>non</span> <span class='ocrx_word' id='word_1_274' title='bbox 548 4033 690 4112; x_wconf 87' lang='lat' dir='ltr'>audeat</span> <span class='ocrx_word' id='word_1_275' title='bbox 719 4032 862 4133; x_wconf 87' lang='lat' dir='ltr'>aliquis</span> <span class='ocrx_word' id='word_1_276' title='bbox 891 4033 930 4107; x_wconf 93' lang='lat' dir='ltr'>in</span> <span class='ocrx_word' id='word_1_277' title='bbox 969 4031 1145 4109; x_wconf 87' lang='lat' dir='ltr'>Dioecesi</span> <span class='ocrx_word' id='word_1_278' title='bbox 1174 4030 1282 4108; x_wconf 91' lang='lat' dir='ltr'>illins</span> <span class='ocrx_word' id='word_1_279' title='bbox 1311 4031 1509 4134; x_wconf 83' lang='lat' dir='ltr'>Episcopi,</span> <span class='ocrx_word' id='word_1_280' title='bbox 1536 4035 1607 4136; x_wconf 94' lang='lat' dir='ltr'>qui</span> <span class='ocrx_word' id='word_1_281' title='bbox 1639 4057 1689 4114; x_wconf 89' lang='lat' dir='ltr'>ne</span> <span class='ocrx_word' id='word_1_282' title='bbox 1723 4051 1810 4135; x_wconf 76' lang='lat' dir='ltr'>prae</span> 
     </span>
     <span class='ocr_line' id='line_1_32' title="bbox 158 4145 1808 4230; baseline -0.004 -1"><span class='ocrx_word' id='word_1_283' title='bbox 158 4152 262 4230; x_wconf 92' lang='lat' dir='ltr'>dicet</span> <span class='ocrx_word' id='word_1_284' title='bbox 289 4151 537 4229; x_wconf 84' lang='lat' dir='ltr'>interdixerit</span> <span class='ocrx_word' id='word_1_285' title='bbox 564 4173 609 4226; x_wconf 90' lang='lat' dir='ltr'>ex</span> <span class='ocrx_word' id='word_1_286' title='bbox 638 4172 754 4225; x_wconf 88' lang='lat' dir='ltr'>causa</span> <span class='ocrx_word' id='word_1_287' title='bbox 784 4145 1011 4226; x_wconf 87' lang='lat' dir='ltr'>rationabili</span> <span class='ocrx_word' id='word_1_288' title='bbox 1048 4176 1054 4222; x_wconf 93' lang='lat'>:</span> <span class='ocrx_word' id='word_1_289' title='bbox 1084 4147 1160 4224; x_wconf 91' lang='lat' dir='ltr'>nisi</span> <span class='ocrx_word' id='word_1_290' title='bbox 1185 4145 1337 4226; x_wconf 91' lang='lat' dir='ltr'>litteras</span> <span class='ocrx_word' id='word_1_291' title='bbox 1364 4157 1403 4226; x_wconf 86' lang='lat' dir='ltr'>ct</span> <span class='ocrx_word' id='word_1_292' title='bbox 1430 4150 1662 4229; x_wconf 86' lang='lat' dir='ltr'>mandatum</span> <span class='ocrx_word' id='word_1_293' title='bbox 1690 4148 1808 4227; x_wconf 83' lang='lat' dir='ltr'>nabat</span> 
     </span>
     <span class='ocr_line' id='line_1_33' title="bbox 158 4263 1807 4375; baseline -0.005 -26"><span class='ocrx_word' id='word_1_294' title='bbox 158 4268 313 4375; x_wconf 75' lang='lat' dir='ltr'>Summi</span> <span class='ocrx_word' id='word_1_295' title='bbox 344 4266 557 4347; x_wconf 75' lang='lat' dir='ltr'>pontilicis.</span> <span class='ocrx_word' id='word_1_296' title='bbox 588 4267 756 4343; x_wconf 69' lang='lat' dir='ltr'>(lateant</span> <span class='ocrx_word' id='word_1_297' title='bbox 785 4265 904 4342; x_wconf 89' lang='lat' dir='ltr'>etiam</span> <span class='ocrx_word' id='word_1_298' title='bbox 936 4264 1088 4340; x_wconf 81' lang='lat' dir='ltr'>Fratres</span> <span class='ocrx_word' id='word_1_299' title='bbox 1116 4263 1270 4357; x_wconf 90' lang='lat' dir='ltr'>nostri,</span> <span class='ocrx_word' id='word_1_300' title='bbox 1303 4286 1352 4341; x_wconf 91' lang='lat' dir='ltr'>ne</span> <span class='ocrx_word' id='word_1_301' title='bbox 1379 4266 1568 4365; x_wconf 93' lang='lat' dir='ltr'>ponendo</span> <span class='ocrx_word' id='word_1_302' title='bbox 1598 4288 1644 4346; x_wconf 94' lang='lat' dir='ltr'>os</span> <span class='ocrx_word' id='word_1_303' title='bbox 1671 4266 1712 4343; x_wconf 95' lang='lat' dir='ltr'>in</span> <span class='ocrx_word' id='word_1_304' title='bbox 1742 4283 1807 4342; x_wconf 80' lang='lat' dir='ltr'>ae·</span> 
     </span>
     <span class='ocr_line' id='line_1_34' title="bbox 159 4374 1807 4483; baseline -0.002 -24"><span class='ocrx_word' id='word_1_305' title='bbox 159 4385 254 4478; x_wconf 89' lang='lat' dir='ltr'>lum,</span> <span class='ocrx_word' id='word_1_306' title='bbox 293 4385 332 4459; x_wconf 95' lang='lat' dir='ltr'>in</span> <span class='ocrx_word' id='word_1_307' title='bbox 362 4384 442 4460; x_wconf 92' lang='lat' dir='ltr'>suis</span> <span class='ocrx_word' id='word_1_308' title='bbox 479 4380 839 4483; x_wconf 85' lang='lat' dir='ltr'>praedicationibus</span> <span class='ocrx_word' id='word_1_309' title='bbox 876 4378 1093 4479; x_wconf 88' lang='lat' dir='ltr'>Religiosos</span> <span class='ocrx_word' id='word_1_310' title='bbox 1126 4383 1164 4455; x_wconf 83' lang='lat' dir='ltr'>et</span> <span class='ocrx_word' id='word_1_311' title='bbox 1201 4378 1375 4457; x_wconf 87' lang='lat' dir='ltr'>Clericos</span> <span class='ocrx_word' id='word_1_312' title='bbox 1411 4379 1720 4461; x_wconf 85' lang='lat' dir='ltr'>scandalizent:</span> <span class='ocrx_word' id='word_1_313' title='bbox 1754 4374 1807 4456; x_wconf 86' lang='lat' dir='ltr'>sel</span> 
     </span>
     <span class='ocr_line' id='line_1_35' title="bbox 159 4493 1807 4600; baseline -0.005 -23"><span class='ocrx_word' id='word_1_314' title='bbox 159 4524 217 4595; x_wconf 89' lang='lat' dir='ltr'>ea,</span> <span class='ocrx_word' id='word_1_315' title='bbox 252 4522 352 4600; x_wconf 88' lang='lat' dir='ltr'>quae</span> <span class='ocrx_word' id='word_1_316' title='bbox 389 4499 428 4573; x_wconf 91' lang='lat' dir='ltr'>in</span> <span class='ocrx_word' id='word_1_317' title='bbox 463 4501 560 4599; x_wconf 93' lang='lat' dir='ltr'>ipsis</span> <span class='ocrx_word' id='word_1_318' title='bbox 594 4496 840 4574; x_wconf 88' lang='lat' dir='ltr'>emendanda</span> <span class='ocrx_word' id='word_1_319' title='bbox 867 4495 1054 4587; x_wconf 80' lang='lat' dir='ltr'>viderint,</span> <span class='ocrx_word' id='word_1_320' title='bbox 1090 4493 1352 4592; x_wconf 88' lang='lat' dir='ltr'>obsecrando,</span> <span class='ocrx_word' id='word_1_321' title='bbox 1382 4507 1425 4573; x_wconf 94' lang='lat' dir='ltr'>ut</span> <span class='ocrx_word' id='word_1_322' title='bbox 1458 4506 1606 4598; x_wconf 91' lang='lat' dir='ltr'>patres,</span> <span class='ocrx_word' id='word_1_323' title='bbox 1649 4512 1807 4576; x_wconf 87' lang='lat' dir='ltr'>seorsum</span> 
     </span>
     <span class='ocr_line' id='line_1_36' title="bbox 157 4607 1808 4714; baseline -0.005 -22"><span class='ocrx_word' id='word_1_324' title='bbox 157 4616 368 4692; x_wconf 86' lang='lat' dir='ltr'>emendare</span> <span class='ocrx_word' id='word_1_325' title='bbox 400 4626 625 4714; x_wconf 90' lang='lat' dir='ltr'>procurent.</span> <span class='ocrx_word' id='word_1_326' title='bbox 662 4614 798 4690; x_wconf 86' lang='lat' dir='ltr'>Socius</span> <span class='ocrx_word' id='word_1_327' title='bbox 840 4618 972 4689; x_wconf 86' lang='lat' dir='ltr'>autern</span> <span class='ocrx_word' id='word_1_328' title='bbox 1012 4610 1126 4688; x_wconf 88' lang='lat' dir='ltr'>datus</span> <span class='ocrx_word' id='word_1_329' title='bbox 1159 4609 1423 4691; x_wconf 81' lang='lat' dir='ltr'>Praedicatori</span> <span class='ocrx_word' id='word_1_330' title='bbox 1462 4642 1469 4688; x_wconf 92' lang='lat'><strong>:</strong></span> <span class='ocrx_word' id='word_1_331' title='bbox 1506 4613 1584 4714; x_wconf 93' lang='lat' dir='ltr'>ipsi</span> <span class='ocrx_word' id='word_1_332' title='bbox 1626 4625 1670 4692; x_wconf 91' lang='lat' dir='ltr'>ut</span> <span class='ocrx_word' id='word_1_333' title='bbox 1701 4607 1808 4690; x_wconf 89' lang='lat' dir='ltr'>Priori</span> 
     </span>
     <span class='ocr_line' id='line_1_37' title="bbox 159 4729 1437 4810; baseline -0.001 -2"><span class='ocrx_word' id='word_1_334' title='bbox 159 4753 231 4808; x_wconf 92' lang='lat' dir='ltr'>suo</span> <span class='ocrx_word' id='word_1_335' title='bbox 250 4729 423 4810; x_wconf 90' lang='lat' dir='ltr'>obediat.</span> <span class='ocrx_word' id='word_1_336' title='bbox 1434 4752 1437 4758; x_wconf 79' lang='grc'><strong>’</strong></span> 
     </span>
    </p>

    <p class='ocr_par' dir='ltr' id='par_1_7' title="bbox 153 4838 1820 5643">
     <span class='ocr_line' id='line_1_38' title="bbox 208 4838 1809 4941; baseline -0.006 -16"><span class='ocrx_word' id='word_1_337' title='bbox 208 4845 423 4925; x_wconf 86' lang='lat' dir='ltr'>Statuimus</span> <span class='ocrx_word' id='word_1_338' title='bbox 457 4846 588 4939; x_wconf 90' lang='lat' dir='ltr'>etiam,</span> <span class='ocrx_word' id='word_1_339' title='bbox 632 4867 681 4920; x_wconf 92' lang='lat' dir='ltr'>ne</span> <span class='ocrx_word' id='word_1_340' title='bbox 717 4845 870 4921; x_wconf 89' lang='lat' dir='ltr'>Fratres</span> <span class='ocrx_word' id='word_1_341' title='bbox 908 4842 1032 4922; x_wconf 92' lang='lat' dir='ltr'>nostri</span> <span class='ocrx_word' id='word_1_342' title='bbox 1067 4842 1107 4916; x_wconf 94' lang='lat' dir='ltr'>in</span> <span class='ocrx_word' id='word_1_343' title='bbox 1140 4841 1501 4941; x_wconf 85' lang='lat' dir='ltr'>praedicationibus</span> <span class='ocrx_word' id='word_1_344' title='bbox 1536 4845 1619 4923; x_wconf 92' lang='lat' dir='ltr'>suis</span> <span class='ocrx_word' id='word_1_345' title='bbox 1647 4845 1732 4922; x_wconf 92' lang='lat' dir='ltr'>dari</span> <span class='ocrx_word' id='word_1_346' title='bbox 1761 4838 1809 4920; x_wconf 86' lang='lat' dir='ltr'>rel</span> 
     </span>
     <span class='ocr_line' id='line_1_39' title="bbox 158 4956 1809 5062; baseline -0.003 -24"><span class='ocrx_word' id='word_1_347' title='bbox 158 4962 290 5062; x_wconf 91' lang='lat' dir='ltr'>colligi</span> <span class='ocrx_word' id='word_1_348' title='bbox 317 4961 524 5062; x_wconf 88' lang='lat' dir='ltr'>pecuniam</span> <span class='ocrx_word' id='word_1_349' title='bbox 547 4961 788 5039; x_wconf 87' lang='lat' dir='ltr'>admoneant</span> <span class='ocrx_word' id='word_1_350' title='bbox 813 4981 914 5059; x_wconf 92' lang='lat' dir='ltr'>:pro</span> <span class='ocrx_word' id='word_1_351' title='bbox 941 4959 1074 5051; x_wconf 92' lang='lat' dir='ltr'>domo,</span> <span class='ocrx_word' id='word_1_352' title='bbox 1105 4956 1166 5034; x_wconf 83' lang='lat' dir='ltr'>vel</span> <span class='ocrx_word' id='word_1_353' title='bbox 1194 4957 1327 5057; x_wconf 89' lang='lat' dir='ltr'>aliqua</span> <span class='ocrx_word' id='word_1_354' title='bbox 1350 4980 1519 5058; x_wconf 87' lang='lat' dir='ltr'>persona</span> <span class='ocrx_word' id='word_1_355' title='bbox 1537 4961 1713 5061; x_wconf 84' lang='lat' dir='ltr'>speciali.</span> <span class='ocrx_word' id='word_1_356' title='bbox 1734 4957 1809 5037; x_wconf 82' lang='lat' dir='ltr'>Nul-</span> 
     </span>
     <span class='ocr_line' id='line_1_40' title="bbox 157 5072 1814 5176; baseline -0.002 -23"><span class='ocrx_word' id='word_1_357' title='bbox 157 5078 220 5156; x_wconf 92' lang='lat' dir='ltr'>lus</span> <span class='ocrx_word' id='word_1_358' title='bbox 251 5079 385 5155; x_wconf 86' lang='lat' dir='ltr'>Frater</span> <span class='ocrx_word' id='word_1_359' title='bbox 412 5078 554 5154; x_wconf 87' lang='lat' dir='ltr'>audeat</span> <span class='ocrx_word' id='word_1_360' title='bbox 581 5086 767 5176; x_wconf 87' lang='lat' dir='ltr'>quaestus</span> <span class='ocrx_word' id='word_1_361' title='bbox 794 5075 934 5171; x_wconf 89' lang='lat' dir='ltr'>lacere,</span> <span class='ocrx_word' id='word_1_362' title='bbox 966 5083 1034 5151; x_wconf 94' lang='lat' dir='ltr'>aut</span> <span class='ocrx_word' id='word_1_363' title='bbox 1061 5072 1191 5150; x_wconf 88' lang='lat' dir='ltr'>Bullas</span> <span class='ocrx_word' id='word_1_364' title='bbox 1217 5072 1372 5173; x_wconf 88' lang='lat' dir='ltr'>aliquas</span> <span class='ocrx_word' id='word_1_365' title='bbox 1400 5074 1650 5175; x_wconf 88' lang='lat' dir='ltr'>praedicare,</span> <span class='ocrx_word' id='word_1_366' title='bbox 1684 5077 1757 5155; x_wconf 87' lang='lat' dir='ltr'>nisi</span> <span class='ocrx_word' id='word_1_367' title='bbox 1775 5073 1814 5151; x_wconf 91' lang='lat' dir='ltr'>de</span> 
     </span>
     <span class='ocr_line' id='line_1_41' title="bbox 158 5189 1816 5294; baseline -0.001 -26"><span class='ocrx_word' id='word_1_368' title='bbox 158 5193 317 5272; x_wconf 87' lang='lat' dir='ltr'>licentia</span> <span class='ocrx_word' id='word_1_369' title='bbox 344 5192 519 5294; x_wconf 86' lang='lat' dir='ltr'>Magistri</span> <span class='ocrx_word' id='word_1_370' title='bbox 548 5190 715 5269; x_wconf 92' lang='lat' dir='ltr'>Ordinis</span> <span class='ocrx_word' id='word_1_371' title='bbox 736 5221 745 5283; x_wconf 87' lang='lat'>;</span> <span class='ocrx_word' id='word_1_372' title='bbox 765 5191 838 5269; x_wconf 91' lang='lat' dir='ltr'>sub</span> <span class='ocrx_word' id='word_1_373' title='bbox 871 5212 996 5290; x_wconf 87' lang='lat' dir='ltr'>poena</span> <span class='ocrx_word' id='word_1_374' title='bbox 1023 5189 1446 5268; x_wconf 83' lang='lat' dir='ltr'>excommunicationis</span> <span class='ocrx_word' id='word_1_375' title='bbox 1474 5189 1574 5270; x_wconf 87' lang='lat' dir='ltr'>latae</span> <span class='ocrx_word' id='word_1_376' title='bbox 1601 5193 1816 5282; x_wconf 86' lang='lat' dir='ltr'>sententiae,</span> 
     </span>
     <span class='ocr_line' id='line_1_42' title="bbox 153 5305 1817 5412; baseline -0.002 -26"><span class='ocrx_word' id='word_1_377' title='bbox 153 5332 274 5409; x_wconf 86' lang='lat' dir='ltr'>quarn</span> <span class='ocrx_word' id='word_1_378' title='bbox 307 5309 489 5387; x_wconf 86' lang='lat' dir='ltr'>sedentes</span> <span class='ocrx_word' id='word_1_379' title='bbox 524 5330 596 5408; x_wconf 92' lang='lat' dir='ltr'>pro</span> <span class='ocrx_word' id='word_1_380' title='bbox 635 5307 841 5401; x_wconf 88' lang='lat' dir='ltr'>tribunali,</span> <span class='ocrx_word' id='word_1_381' title='bbox 878 5305 1118 5407; x_wconf 80' lang='lat' dir='ltr'>proferimus</span> <span class='ocrx_word' id='word_1_382' title='bbox 1155 5305 1195 5380; x_wconf 93' lang='lat' dir='ltr'>in</span> <span class='ocrx_word' id='word_1_383' title='bbox 1221 5305 1285 5382; x_wconf 90' lang='lat' dir='ltr'>his</span> <span class='ocrx_word' id='word_1_384' title='bbox 1314 5307 1502 5407; x_wconf 89' lang='lat' dir='ltr'>scriptis:</span> <span class='ocrx_word' id='word_1_385' title='bbox 1533 5320 1572 5386; x_wconf 89' lang='lat' dir='ltr'>et</span> <span class='ocrx_word' id='word_1_386' title='bbox 1600 5311 1677 5388; x_wconf 89' lang='lat' dir='ltr'>sub</span> <span class='ocrx_word' id='word_1_387' title='bbox 1704 5329 1817 5412; x_wconf 87' lang='lat' dir='ltr'>poena</span> 
     </span>
     <span class='ocr_line' id='line_1_43' title="bbox 154 5421 1820 5525; baseline 0.003 -26"><span class='ocrx_word' id='word_1_388' title='bbox 154 5427 386 5525; x_wconf 86' lang='lat' dir='ltr'>privationis</span> <span class='ocrx_word' id='word_1_389' title='bbox 412 5427 591 5504; x_wconf 89' lang='lat' dir='ltr'>omnium</span> <span class='ocrx_word' id='word_1_390' title='bbox 620 5424 814 5502; x_wconf 90' lang='lat' dir='ltr'>bonorum</span> <span class='ocrx_word' id='word_1_391' title='bbox 844 5423 901 5501; x_wconf 95' lang='lat' dir='ltr'>eis</span> <span class='ocrx_word' id='word_1_392' title='bbox 925 5421 975 5500; x_wconf 91' lang='lat' dir='ltr'>ab</span> <span class='ocrx_word' id='word_1_393' title='bbox 1005 5422 1157 5500; x_wconf 84' lang='lat' dir='ltr'>Ordine</span> <span class='ocrx_word' id='word_1_394' title='bbox 1183 5442 1480 5518; x_wconf 89' lang='lat' dir='ltr'>concessorum,</span> <span class='ocrx_word' id='word_1_395' title='bbox 1511 5435 1550 5503; x_wconf 88' lang='lat' dir='ltr'>et</span> <span class='ocrx_word' id='word_1_396' title='bbox 1573 5428 1820 5506; x_wconf 85' lang='lat' dir='ltr'>communia·</span> 
     </span>
     <span class='ocr_line' id='line_1_44' title="bbox 153 5541 554 5643; baseline 0 -25"><span class='ocrx_word' id='word_1_397' title='bbox 153 5541 182 5618; x_wconf 89' lang='lat' dir='ltr'>ti</span> <span class='ocrx_word' id='word_1_398' title='bbox 215 5541 554 5643; x_wconf 88' lang='lat' dir='ltr'>applicandorum.</span> 
     </span>
    </p>
   </div>
   <div class='ocr_carea' id='block_1_5' title="bbox 0 0 2000 6082">
    <p class='ocr_par' dir='ltr' id='par_1_8' title="bbox 0 0 2000 6082">
     <span class='ocr_line' id='line_1_45' title="bbox 0 0 2000 6082; baseline 0 0"><span class='ocrx_word' id='word_1_399' title='bbox 0 0 2000 6082; x_wconf 95' lang='lat' dir='ltr'> </span> 
     </span>
    </p>
   </div>
  </div>
 </body>
</html>
