3990 6082
155 341 200 421 li
537 347 632 428 Due.
657 348 686 424 l.
713 351 973 452 Delufirmis,
997 356 1225 437 lliuutiouo.
1247 366 1283 434 ct
1307 357 1442 436 Lectis.

152 499 197 575 iu
228 501 387 577 uomiue
416 500 575 579 Domini
590 531 602 580 .·
626 512 664 582 et
692 514 785 583 tunc
812 530 901 585 cum
929 507 1088 587 silentio
1116 509 1264 587 intrent
1292 510 1447 586 Fratres
1475 507 1708 587 Ecclesiam.
1735 508 1811 606 Qui.

153 636 324 744 cumque
352 615 489 748 bibere
516 619 684 700 voluerit
710 633 816 701 extra
843 623 995 719 boram,
1017 624 1218 704 licentiam
1245 636 1389 726 petala
1408 624 1590 704 Praelato
1615 654 1624 703 ι
1646 633 1685 704 et
1709 645 1812 703 unum

156 751 308 807 socrum
344 734 522 836 accrpiat.

450 971 515 1049 Do
550 973 844 1073 infirmis:
894 977 1173 1078 septimum
1208 975 1532 1077 Capitulum.

155 1219 297 1400 Cinci
328 1202 507 1281 infirmos
534 1230 542 1277 :
573 1214 702 1284 caveat
730 1229 778 1284 ne
805 1209 856 1287 sit
882 1209 1082 1312 negligens
1118 1208 1330 1288 Praelatus.
1362 1209 1427 1288 Sic
1453 1209 1562 1286 enim
1592 1201 1815 1311 procurandi

237 1327 329 1397 sunt
353 1319 513 1415 intirmi,
540 1332 583 1398 ut
605 1324 720 1399 citius
749 1324 1000 1404 releventur:
1025 1327 1128 1404 sicut
1155 1325 1253 1403 dicit
1279 1325 1392 1402 Pater
1417 1333 1554 1403 noster
1575 1324 1815 1426 Augamtinus.

158 1433 347 1512 Poterant
373 1443 503 1513 autem
532 1437 696 1537 quidam
724 1440 825 1517 vesci
858 1442 1060 1537 carnibus,
1091 1451 1210 1543 prout
1234 1463 1373 1519 eorum
1395 1440 1555 1542 gravior
1584 1440 1707 1540 exigit
1729 1440 1820 1516 infir·
1864 1508 1866 1541 ,

156 1549 272 1627 mitas
298 1579 305 1625 :
329 1552 542 1629 secundum
565 1555 674 1654 quod
699 1556 875 1636 Praelato
893 1558 1021 1637 visum
1040 1557 1170 1636 luerit.
1198 1559 1241 1636 ln
1268 1556 1366 1636 locis
1385 1579 1476 1635 vero
1492 1556 1563 1634 ubi
1586 1555 1819 1635 Contentum
1864 1588 1866 1663 !

155 1665 350 1745 habemus
390 1676 534 1747 :extra
560 1670 723 1749 domum
752 1682 929 1752 nostram
956 1697 1093 1752 carnes
1126 1696 1205 1753 non
1242 1674 1462 1752 comedant.
1497 1671 1540 1752 Si
1577 1672 1672 1773 quis
1705 1680 1819 1750 autem

156 1781 273 1859 talem
311 1784 493 1862 babuerit
527 1785 812 1884 infirmitatem,
842 1808 930 1890 quae
953 1813 1026 1868 nec
1056 1790 1224 1870 multum
1253 1811 1344 1868 eum
1379 1786 1574 1885 debilitet,
1609 1809 1682 1865 nec
1707 1808 1822 1865 coma

42 1977 47 1987 ,
157 1896 277 1974 dendi
315 1899 447 1979 turbet
486 1904 704 2003 appetitum
723 1931 735 2001 ;
766 1907 854 1983 talis
890 1930 961 1984 nec
996 1929 1116 2008 super
1148 1906 1353 1985 culcitram
1384 1907 1538 2004 jaceat,
1574 1925 1650 1982 nec
1686 1902 1821 2003 jeJuoia

160 2017 508 2095 consuetudinaria
536 2018 687 2120 frangat
717 2048 725 2095 :
757 2045 829 2100 nec
862 2024 973 2102 cibos
1006 2022 1216 2102 Refectorii
1252 2031 1389 2101 mutet.

209 2129 252 2206 ln
280 2130 467 2212 domibus
496 2137 642 2214 nostris
668 2160 747 2217 non
777 2139 855 2218 sint
882 2141 957 2217 nisi
984 2141 1065 2218 duo
1092 2139 1189 2234 loca,
1211 2139 1250 2216 iu
1275 2140 1420 2240 quibus
1447 2135 1662 2216 comedant
1688 2133 1822 2212 debiles

160 2246 221 2323 vel
254 2246 402 2326 infirmi
419 2280 429 2342 ;
464 2275 565 2330 unus
601 2254 793 2352 carnium,
824 2264 861 2334 et
894 2256 994 2334 alius
1029 2256 1197 2335 aliorum
1229 2257 1449 2333 ciborum:
1485 2253 1562 2330 nisi
1593 2251 1648 2330 sit
1678 2250 1822 2329 evidens

161 2364 383 2462 necessitas,
405 2366 465 2444 vel
493 2392 635 2470 urgens
663 2371 887 2451 iufirmitas.
918 2372 1109 2452 Similiter
1137 2395 1209 2449 uec
1230 2371 1297 2449 alii
1329 2372 1480 2448 Fratres
1507 2367 1734 2461 comedant,
1761 2365 1822 2442 nisi

161 2478 201 2553 in
233 2483 436 2560 communi
465 2484 685 2565 Reiectorio
715 2516 722 2562 :
754 2487 814 2566 vel
842 2488 1042 2588 hospitum
1074 2489 1209 2566 domo.
1245 2487 1322 2565 Nec
1360 2487 1513 2564 Priores
1555 2481 1821 2574 Provinciales,

160 2617 231 2672 nec
257 2597 432 2699 Magistri
460 2601 500 2677 iu
530 2602 895 2705 Theologia,etia1n
922 2615 1010 2685 actu
1038 2606 1221 2705 legentes,
1240 2602 1451 2682 comedant
1475 2601 1516 2676 in
1544 2600 1717 2678 cameris
1732 2627 1743 2690 ;
1768 2597 1824 2675 sed

158 2711 198 2787 in
228 2717 431 2794 communi
458 2717 691 2809 Refectorio,
712 2721 770 2799 vel
800 2722 983 2821 Hospitio
1006 2751 1012 2797 :
1035 2721 1092 2800 vel
1121 2722 1160 2797 in
1189 2721 1310 2798 domo
1337 2719 1604 2814 infirmorum,
1627 2725 1696 2794 aut
1720 2715 1824 2793 domo

160 2828 368 2908 debilium.
401 2834 442 2913 Si
468 2844 600 2914 autem
629 2837 786 2914 Priores
815 2837 1005 2915 intirmari
1034 2837 1242 2938 contigerit
1275 2864 1282 2911 :
1312 2836 1350 2912 in
1381 2832 1605 2913 lufirmaria
1633 2853 1724 2910 cnm
1749 2831 1823 2908 aliis

160 2960 436 3044 procurantur.

212 3064 367 3143 Fratres
402 3090 493 3148 vero
529 3069 705 3171 leprosi:
732 3072 834 3149 inira
868 3082 979 3172 septa
1001 3071 1061 3150 sui
1090 3072 1313 3149 Conventus
1346 3089 1526 3148 seorsum
1553 3067 1606 3146 ab
1636 3065 1725 3144 aliis
1749 3084 1826 3164 pro·

162 3190 361 3259 curentur.
401 3183 647 3267 Conventum
682 3200 814 3268 autem
851 3212 967 3267 suum
1000 3189 1172 3267 dicimus
1211 3216 1217 3262 :
1251 3189 1362 3285 cujus
1399 3196 1457 3263 est
1491 3184 1612 3263 filius.
1655 3178 1825 3280 Quodsi

162 3298 358 3378 arctitudo
390 3303 466 3380 loci
504 3304 622 3399 illius,
653 3306 712 3383 vel
743 3305 820 3382 alia
861 3328 979 3382 causa
1015 3305 1187 3406 legitima
1224 3325 1302 3382 non
1333 3301 1563 3403 permiserit
1593 3329 1601 3377 :
1631 3301 1682 3377 ad
1720 3295 1824 3375 alium

163 3410 407 3494 Conventum
436 3422 560 3497 nostri
594 3420 757 3498 Ordinis
782 3444 852 3522 per
883 3422 1061 3499 Priorem
1099 3418 1383 3498 Provincialem
1412 3412 1714 3495 transierautur.

459 3658 526 3736 De
558 3660 885 3738 Miuutioua:
936 3666 1175 3738 octauum
1207 3655 1537 3758 Capitulum.

167 3907 368 4082 Muranum
394 3899 532 3991 quater
549 3892 589 3968 in
611 3915 715 3970 anno
739 3893 822 3970 fieri
844 3895 971 3994 possit
997 3923 1004 3970 :
1030 3893 1158 3993 prima
1183 3891 1223 3966 in
1248 3910 1382 3965 mense
1405 3885 1651 3988 Septembri,
1671 3882 1823 3965 secunda

276 4017 364 4109 post
391 4009 553 4100 Natale;
584 4011 698 4088 tertia
727 4020 815 4109 post
843 4010 991 4088 Pascha
1030 4037 1036 4084 :
1074 4015 1210 4108 quarta
1238 4013 1329 4105 post
1354 4003 1497 4080 lestum
1524 4003 1651 4081 sancti
1676 3998 1824 4081 loannis

167 4122 378 4225 Baptistae.
396 4126 552 4204 Praeter
572 4128 639 4202 bas
656 4127 912 4221 minutiones,
928 4125 1061 4204 nullus
1079 4124 1220 4202 audeat
1239 4121 1314 4199 sibi
1329 4120 1532 4196 minuere:
1557 4118 1636 4196 nisi
1655 4114 1824 4195 discretio

167 4242 316 4320 Prioris
342 4250 504 4342 propter
534 4242 709 4341 aliquam
734 4266 893 4321 causam
925 4241 1160 4341 judicaverit
1189 4237 1304 4315 aliter
1336 4235 1452 4313 alicui
1485 4257 1571 4312 esse
1599 4232 1821 4312 laciendum.

165 4358 307 4435 Minnti
337 4369 442 4436 extra
472 4358 739 4436 Reiectorinm
770 4380 861 4436 cum
896 4357 1056 4436 silentio
1091 4355 1313 4448 comedant,
1353 4350 1422 4428 ubi
1454 4348 1667 4428 commode
1702 4343 1823 4450 poterit

165 4473 365 4553 observari
388 4503 394 4550 :
417 4484 454 4552 et
481 4475 698 4553 secundum
724 4475 832 4575 quod
858 4475 1019 4552 facultas
1046 4475 1189 4552 domus
1214 4466 1451 4572 permiserit,
1471 4466 1723 4545 commodius
1747 4483 1822 4564 pro

167 4602 368 4671 curentur.
400 4591 523 4671 Causa
550 4615 643 4671 vero
673 4591 908 4670 minutionis
939 4619 946 4665 :
977 4612 1116 4668 carnes
1144 4610 1223 4666 non
1253 4584 1478 4665 comedant.

529 4822 595 4900 Da
625 4824 841 4902 Lectis:
893 4843 1082 4901 nouum
1118 4817 1453 4920 Capitulum.
1524 4841 1526 4847 ’

170 5072 318 5251 Sorae
352 5056 536 5137 culcitras
568 5079 653 5135 non
686 5055 886 5133 dormiant
921 5055 1072 5131 Fratres
1109 5053 1232 5131 nostri
1269 5083 1276 5129 :
1315 5053 1393 5131 nisi
1424 5053 1526 5131 forte
1560 5062 1745 5147 stramen,
1777 5040 1822 5123 ael

245 5175 397 5275 aliquid
414 5174 503 5268 tale,
526 5195 645 5272 super
663 5171 771 5272 quod
791 5172 1003 5265 dormiant,
1026 5170 1171 5247 babere
1195 5192 1272 5247 nou
1298 5171 1466 5269 possint.
1490 5169 1619 5269 Super
1642 5166 1822 5247 stramina,

169 5301 206 5369 et
231 5314 417 5369 saccones
443 5291 578 5367 laneos
598 5318 605 5364 :
628 5289 804 5366 dormire
823 5285 971 5364 licebit.
995 5287 1110 5363 Extra
1130 5286 1294 5364 domum
1322 5308 1413 5364 vero
1441 5285 1619 5362 dormire
1646 5286 1826 5387 poterunt,

171 5407 271 5485 sicut
297 5407 415 5485 fuerit
442 5407 500 5484 eis
528 5415 691 5484 stratum
728 5433 734 5479 :
769 5425 816 5479 ne
845 5403 1021 5501 hospites
1055 5401 1328 5480 molestentur.
1366 5400 1443 5498 Qui
1480 5409 1610 5479 autem
1643 5398 1828 5478 culcitram

172 5524 355 5625 petierit:
379 5524 528 5620 jejunet
555 5544 633 5598 una
661 5519 724 5595 die
752 5519 792 5593 in
822 5540 923 5617 pane
950 5530 988 5594 et
1014 5540 1127 5624 aqua.
1151 5518 1249 5595 Cum
1277 5518 1409 5595 tunica
1437 5525 1476 5593 et
1508 5515 1692 5620 caligis:
1729 5506 1831 5595 cincti
