3990 6082
159 394 206 481 td
331 476 335 483 ,
535 398 629 481 nat.
651 396 681 480 l.
703 404 1161 498 beneventanorum
1184 400 1452 484 instructione.

157 551 253 653 quid
275 552 439 651 petitum
459 552 576 632 luerit
594 554 643 632 ab
659 578 738 634 uno
761 556 912 646 Priore,
934 579 1013 635 non
1034 563 1188 658 petatur
1209 556 1259 633 ab
1278 556 1372 644 alio,
1395 555 1470 633 nisi
1493 554 1614 632 causa
1629 555 1819 654 exposita.

157 667 227 744 sed
254 689 326 745 nec
349 668 381 745 si
411 691 432 745 a
457 671 599 769 majori
626 672 827 771 petierint,
856 671 998 751 vadant
1024 673 1074 751 ad
1101 665 1313 750 minorem.

208 784 305 861 ltem
335 783 610 863 Confessiones
646 786 889 866 Novitiorum
916 797 1006 865 ante
1041 787 1327 866 professionem
1358 788 1601 887 recipiantur
1635 816 1644 863 :
1680 797 1718 866 et
1746 788 1823 866 dili·

156 909 293 1001 genter
324 900 374 978 de
408 901 526 978 modo
554 900 827 998 consessionis,
858 912 897 982 et
932 903 981 981 de
1021 904 1110 981 aliis
1143 905 1401 983 instruantur.
1432 904 1529 981 ltem
1564 903 1710 982 Novitii
1745 914 1824 982 ante

160 1015 444 1094 Prolessionem
471 1016 520 1093 de
547 1016 692 1095 debitis
719 1041 760 1096 se
784 1018 991 1119 expediant
1014 1049 1021 1096 :
1043 1031 1080 1097 et
1108 1019 1241 1098 omnia
1267 1019 1316 1096 ad
1343 1018 1464 1121 pedes
1487 1019 1641 1098 Prioris
1672 1028 1822 1120 ponant,

155 1143 198 1209 ut
230 1155 270 1209 se
306 1155 349 1209 ex
388 1141 470 1210 toto
507 1132 724 1212 absolvant.
756 1134 952 1212 Similiter
989 1157 1127 1213 omnes
1169 1137 1323 1213 Fratres
1362 1136 1527 1235 singulis
1564 1135 1685 1212 annis
1714 1134 1823 1213 semel

155 1249 290 1325 omnia
310 1248 386 1325 sibi
405 1249 616 1326 commissa
638 1248 844 1329 Prioribus
868 1251 948 1329 suis
966 1262 1166 1351 exponant
1191 1250 1350 1351 pariter,
1373 1260 1410 1329 et
1429 1249 1647 1328 exhibeant
1669 1279 1678 1327 :
1698 1272 1822 1329 eorum

157 1364 408 1465 dispositioni
446 1363 723 1464 relinquendo.

206 1480 456 1578 Quicumque
491 1502 583 1557 veru
612 1481 747 1559 Frater
780 1480 1005 1580 pecuniam,
1037 1483 1097 1559 vel
1123 1483 1196 1559 alia
1233 1503 1507 1583 quaecumque
1538 1484 1747 1583 receperit,
1770 1481 1820 1560 vel

154 1596 350 1691 babuerit,
379 1595 438 1672 vel
466 1596 711 1694 expenderit,
742 1596 801 1673 vel
828 1597 1128 1696 dispensaverit,
1156 1598 1217 1675 vel
1245 1598 1469 1699 dispensari
1497 1599 1665 1690 lecerit;
1696 1598 1823 1676 reddat

154 1712 319 1813 singulis
342 1711 457 1787 annis
484 1712 565 1788 suis
591 1712 806 1811 majoribus
835 1713 1026 1790 rationem
1056 1713 1191 1805 semel,
1220 1713 1279 1792 vel
1307 1714 1469 1813 pluries,
1495 1715 1527 1791 si
1555 1715 1676 1793 suerit
1702 1714 1821 1816 requi·

154 1829 290 1905 situs:
321 1825 503 1903 videlicet
537 1827 721 1927 Magister
745 1825 910 1904 Ordinis
944 1827 1229 1907 Definitoribus
1257 1828 1429 1928 Capituli
1469 1829 1688 1926 Generalis,
1717 1829 1822 1907 Prior

159 1940 412 2020 Provincialis
439 1941 721 2020 Definitoribus
750 1941 918 2043 Capituli
947 1943 1217 2040 Provincialis,
1248 1944 1363 2022 Prior
1394 1946 1676 2025 Conventualis
1704 1944 1819 2023 Priori

158 2057 407 2152 Provinciali‚
425 2057 484 2134 vel
507 2057 721 2154 Visitatori,
746 2060 864 2138 ceteri
885 2061 1039 2138 Fratres
1061 2060 1187 2138 Priori
1209 2059 1480 2139 Conventuali.

207 2176 343 2255 Nullus
381 2177 584 2270 Fratrum,
619 2176 736 2253 etiam
775 2177 897 2271 Prior,
928 2177 1092 2277 recipiat
1126 2178 1349 2278 depositum
1387 2180 1716 2278 cujuscumque:
1752 2178 1818 2254 nisi

157 2295 198 2370 in
219 2293 420 2371 communi
444 2290 625 2390 deposito
654 2290 890 2368 Conventus.
911 2292 1161 2370 Contrarium
1189 2304 1319 2371 autem
1345 2294 1490 2372 iaciens
1511 2323 1519 2370 :
1544 2296 1720 2372 incurrat
1737 2316 1819 2394 poe

159 2432 246 2488 narn
271 2407 462 2509 gravioris
481 2406 632 2506 culpae.
655 2407 752 2483 ltem
774 2406 918 2485 Novitii
937 2408 1041 2485 intra
1059 2417 1216 2510 tempus
1232 2410 1502 2510 probationis:
1526 2409 1819 2490 Psalmodiaeet

157 2523 298 2605 Officio
325 2524 459 2602 divino
488 2522 670 2600 studeant
691 2522 916 2622 diligenter.
939 2525 1036 2600 item
1064 2524 1164 2601 infra
1186 2549 1334 2603 annum
1357 2529 1407 2605 ad
1427 2527 1668 2627 longinquas
1684 2538 1816 2628 partes,

153 2643 229 2719 nisi
258 2640 309 2719 ob
337 2661 495 2719 causam
526 2640 800 2733 necessariam,
821 2638 963 2718 Novitii
993 2662 1071 2719 non
1100 2641 1307 2720 mittantur
1328 2670 1334 2717 :
1358 2665 1429 2720 nec
1456 2643 1495 2719 in
1525 2643 1664 2743 aliquo
1700 2640 1818 2720 officio

154 2768 399 2858 occupentur
418 2784 429 2852 3
451 2777 523 2831 nec
549 2767 674 2832 vestes
701 2777 838 2832 eorum
856 2765 945 2832 ante
965 2754 1253 2867 Prolessionem
1273 2756 1522 2837 alienentur:
1547 2781 1620 2836 nec
1644 2760 1721 2860 ipsi
1739 2747 1817 2836 ante

160 2873 449 2954 Prolessionem
477 2872 726 2949 ordinentur.

211 2994 304 3070 ltem
333 2989 473 3067 Novitii
513 3010 591 3064 non
623 2987 805 3067 intersint
832 2991 1028 3091 Capitulo,
1052 2991 1184 3068 necin
1219 2991 1464 3070 Dormitorio
1491 3016 1579 3070 cum
1611 2993 1702 3070 aliis
1736 2992 1816 3068 Fra·

157 3108 284 3187 tribus
306 3110 472 3205 jaceant,
503 3105 570 3181 ubi
600 3105 674 3183 boc
704 3106 914 3184 commode
948 3108 1094 3209 poterit
1120 3107 1317 3185 observari
1345 3135 1352 3182 :
1384 3107 1452 3185 sed
1477 3109 1667 3210 Magister
1692 3128 1818 3186 eorum

157 3234 263 3303 extra
282 3222 508 3323 Capitulum
538 3220 675 3321 culpas
702 3244 838 3299 eorum
858 3224 994 3302 audiat
1011 3254 1020 3315 ;
1047 3233 1084 3299 et
1106 3224 1213 3323 ipsos
1230 3223 1452 3323 diligenter,
1474 3232 1669 3324 quantum
1688 3234 1817 3325 potest,

158 3343 199 3416 in
222 3338 401 3416 moribus
422 3339 615 3416 instruat:
637 3347 676 3415 et
693 3339 894 3416 caritative
921 3340 1124 3438 corripiat.
1144 3338 1377 3416 Mandemus
1398 3340 1593 3418 universis
1615 3339 1819 3430 Fratribus,

157 3465 351 3556 quatenus
379 3454 553 3531 Novitios
577 3453 751 3533 volentes
779 3455 908 3532 redire
935 3455 983 3532 ad
1011 3454 1225 3550 saeculum,
1248 3454 1371 3531 libere
1391 3455 1623 3554 permittant
1642 3457 1700 3534 ire
1719 3485 1727 3532 :
1746 3454 1820 3532 red·

157 3571 251 3650 ditis
271 3570 348 3647 sibi
367 3570 566 3665 omnibus,
586 3593 686 3670 quae
703 3593 835 3648 secum
855 3571 1090 3649 detulerant.
1111 3568 1186 3646 Nec
1203 3569 1283 3648 sint
1300 3571 1357 3647 eis
1375 3569 1532 3649 molesti
1551 3581 1718 3673 propter
1735 3573 1818 3650 boc:

156 3690 338 3790 exemplo
372 3690 495 3785 illius,
528 3692 596 3790 qui
624 3690 831 3791 discipulis
858 3690 1058 3791 aliquibus
1093 3688 1384 3785 recedentibus,
1413 3690 1503 3768 aliis
1537 3692 1819 3771 remanentibus

156 3806 268 3884 dixit.
300 3806 499 3907 Numquid
526 3818 565 3884 et
593 3829 659 3885 vos
688 3807 802 3884 vultis
834 3807 975 3884 abire?

208 3923 307 4000 ltem
337 3923 470 4002 nullus
500 3923 712 4024 recipiatur
736 3923 787 4000 ad
814 3923 1102 4002 Prolessionem
1131 3935 1173 4003 ut
1198 3925 1387 4020 Clericus,
1417 3926 1494 4004 nisi
1524 3929 1626 4006 sciat
1653 3929 1767 4029 plene
1788 3936 1817 4003 et

155 4038 336 4140 expedite
363 4039 495 4117 dicere
517 4049 556 4116 et
574 4040 701 4139 legere
729 4039 906 4117 divinum
927 4037 1125 4134 Officium,
1146 4050 1382 4121 nocturnum
1401 4042 1552 4141 pariter
1569 4053 1608 4123 et
1626 4044 1813 4132 diurnum,

154 4154 262 4234 solus
278 4183 288 4252 3
321 4165 360 4233 et
386 4157 497 4250 sciat,
531 4155 589 4232 vel
620 4157 669 4233 sit
698 4155 842 4233 babilis
868 4156 909 4231 in
938 4157 1117 4256 proxima
1143 4156 1406 4257 dispositione
1434 4167 1477 4237 ut
1504 4159 1603 4238 sciat
1629 4162 1814 4239 Gramma·

153 4272 269 4349 ticam
293 4302 300 4349 :
323 4286 360 4350 et
379 4296 450 4372 per
471 4273 572 4351 duos
592 4294 746 4350 menses
764 4283 856 4351 ante
879 4273 999 4349 linem
1027 4272 1273 4373 probationis
1302 4275 1597 4354 Examinatores
1625 4288 1814 4355 teneantur

153 4388 379 4465 examinare
406 4412 496 4465 eum
524 4389 573 4465 de
601 4388 676 4483 bis,
698 4400 735 4466 et
764 4388 909 4466 referre
936 4387 1064 4466 Priori
1095 4396 1133 4465 et
1160 4388 1352 4489 Capitulo.
1373 4389 1469 4468 Etsi
1498 4391 1683 4472 inventus
1716 4390 1813 4470 luerit

155 4503 323 4583 multum
352 4505 538 4582 deficiens
558 4505 598 4579 in
620 4505 844 4605 praedictis,
866 4513 1027 4582 vocetur
1056 4505 1094 4579 in
1125 4505 1350 4603 Capitulum
1381 4496 1582 4602 Novitius,
1614 4521 1654 4589 et
1682 4508 1811 4586 ibidem

155 4619 190 4695 ei
227 4621 449 4721 assignetur
480 4630 630 4698 certum
666 4630 822 4720 tempus
858 4618 1051 4719 prolixius
1085 4620 1332 4721 probationis
1367 4651 1374 4698 :
1416 4623 1477 4702 vel
1510 4624 1734 4705 declaretur
1762 4622 1810 4714 ei,

155 4735 262 4833 quod
291 4759 489 4836 nunquam
516 4736 643 4814 veniet
671 4736 921 4835 probationis
947 4736 1154 4825 terminus,
1176 4735 1251 4811 nisi
1277 4747 1488 4839 postquam
1516 4741 1662 4819 iterum
1690 4745 1729 4819 in
1755 4739 1811 4820 Ca·

154 4850 323 4949 pitulum
357 4862 507 4947 vocato,
538 4861 576 4929 et
608 4874 680 4953 pro
709 4851 927 4930 sufficiente
961 4850 1194 4950 approbato,
1224 4861 1313 4931 octo
1346 4856 1477 4933 adbuc
1503 4856 1590 4935 dies
1621 4857 1673 4936 ad
1699 4858 1812 4935 minus

153 4966 437 5067 relinquantur.

206 5083 314 5160 Ultra
345 5083 420 5162 boc
446 5095 604 5173 antem,
637 5109 685 5163 ne
714 5087 868 5186 pueruli
898 5085 1044 5185 recepti
1072 5085 1122 5162 ad
1145 5086 1352 5182 habitum,
1393 5086 1596 5165 inveniant
1627 5113 1669 5168 se
1702 5089 1814 5191 potius

156 5211 266 5275 natos
294 5201 367 5277 sub
387 5204 481 5301 jugo
504 5202 734 5302 Religionis,
755 5223 874 5301 quam
899 5200 998 5279 illud
1018 5200 1194 5298 elegisse,
1216 5205 1488 5303 evitenturque
1516 5201 1814 5285 inconvenientia

152 5314 274 5391 multa
294 5346 304 5407 ;
344 5318 567 5412 statuimus,
607 5330 649 5396 ut
680 5319 741 5413 ei,
779 5318 842 5394 cui
875 5326 966 5395 ante
1001 5317 1387 5417 quintumdecimum
1423 5342 1573 5397 annum
1618 5317 1815 5424 Religionis

152 5430 311 5510 babitus
343 5435 456 5514 datus
488 5448 564 5533 est,
601 5457 802 5537 nunquam
835 5433 1014 5513 elabatur
1050 5458 1178 5512 annus
1208 5435 1472 5535 probationis,
1507 5446 1814 5539 quantocumque

150 5542 383 5626 decurrente
422 5553 613 5653 temporis
653 5552 817 5653 spatio:
849 5551 924 5627 nisi
963 5560 1122 5628 vocatus
1161 5560 1250 5649 pust
1283 5573 1432 5631 annum
1470 5556 1812 5634 sextumdecimum
