3990 6082
766 352 1100 461 ,ttntt't'ttts
1687 359 1755 466 io

78 603 207 670 rum
232 557 608 667 ducentorum
627 553 918 687 sexaginta.
944 546 1096 670 Quos
1109 545 1268 682 jussit
1291 548 1469 684 primo
1490 551 1755 662 Claudius

72 745 175 851 pro
216 706 422 812 Christi
464 700 691 803 nomine
728 694 1018 797 damnatos
1056 707 1204 794 extra
1236 711 1449 827 portam
1492 694 1751 804 Salariam

73 858 301 958 arenam
320 848 507 953 fodere
538 877 549 946 :
574 839 776 944 deiude
802 839 857 941 in
882 837 1251 974 amphiteatro
1273 837 1506 940 militum
1546 848 1753 979 sagittis

72 996 332 1103 intarlici.
365 988 654 1101 Massiliae:
690 982 1009 1085 sanctorum
1044 981 1351 1116 martyrum
1391 976 1665 1093 Hermetis
1699 1008 1755 1093 et

76 1139 364 1247 Hadriani.
400 1132 609 1247 Eodem
630 1127 751 1230 die:
781 1143 983 1228 sanctae
1005 1122 1300 1225 Antoninae
1327 1126 1598 1267 martyris.
1615 1130 1756 1254 Quae
1919 1208 1922 1217 .

74 1292 133 1390 in
173 1279 558 1424 persecutione
587 1270 929 1391 Diocletiani,
954 1302 1079 1370 cum
1123 1267 1429 1370 Gentilium
1472 1271 1604 1379 deos
1636 1277 1752 1378 irri-

74 1435 245 1549 sisset,
274 1443 398 1566 post
418 1420 594 1524 varios
615 1416 892 1520 cruciatus
923 1413 978 1513 in
1002 1445 1123 1514 vase
1149 1408 1395 1547 quodam
1421 1417 1664 1522 inclusa:
1695 1421 1751 1521 in

74 1572 337 1716 palodem
364 1568 518 1670 urbis
544 1561 668 1664 Ceae
695 1557 940 1661 demersa
968 1574 1062 1657 est.
1090 1567 1126 1662 ‚t
1141 1553 1258 1692 pud
1283 1556 1561 1664 civitatem
1581 1560 1751 1666 Wer-

72 1720 206 1824 dam
247 1714 462 1817 :sancti
490 1704 774 1810 'Suitbarti
822 1700 1097 1838 Episcopi,
1134 1700 1231 1834 qui
1286 1703 1532 1839 tempore
1578 1704 1750 1844 Sergii

76 1866 239 2000 Papae
270 1856 417 1997 apud
460 1852 499 1954 F
503 1853 723 1969 risones‚
754 1845 1002 1966 Batavos
1031 1860 1083 1945 ct
1131 1844 1262 1944 alios
1298 1841 1613 1952 Germaniae
1657 1852 1753 1989 po-

76 2007 238 2146 pulos
266 1997 625 2134 Evangelium
649 1988 983 2129 praedicavit.
1016 1986 1300 2121 Andagavi
1330 2023 1341 2081 :
1370 1996 1541 2094 sancti
1573 1995 1751 2098 Albini

77 2147 342 2290 Episcopi
380 2163 433 2248 et
466 2135 813 2255 confessoris,
853 2133 949 2233 viri
990 2131 1409 2268 praeclarissimae
1446 2138 1661 2242 virtutis
1700 2157 1754 2242 et

75 2291 397 2399 sanctitatis.
429 2299 559 2399 'fres
604 2293 898 2393 territans.
949 2277 1218 2382 l'ertisiae:
1261 2279 1541 2384 translatio
1579 2279 1752 2386 sancti

76 2434 377 2544 Herculani
429 2425 686 2567 Episcopi
745 2440 798 2523 ct
863 2421 1130 2557 martyris.
1181 2419 1290 2542 Qui
1341 2422 1498 2558 jussu
1557 2424 1755 2530 Totitae

75 2581 399 2686 Gothorum
419 2575 557 2707 regis
578 2568 879 2672 decollatus
901 2582 980 2667 est
1009 2600 1020 2669 :
1053 2565 1212 2701 cujus
1239 2598 1440 2702 corpus
1481 2571 1556 2671 ita
1582 2572 1750 2708 capiti

76 2731 517 2855 unitumatque
541 2748 740 2818 sanum
768 2708 1190 2846 quadragesimo
1219 2727 1340 2846 post
1367 2712 1750 2817 abscissionem

76 2870 168 2974 die
189 2877 268 2976 lut
296 2864 486 2968 scribit
511 2877 734 2962 sanctus
756 2854 1056 2990 Gregorius
1080 2852 1239 2989 Papa)
1262 2858 1537 2991 repertum
1569 2876 1664 2977 est,
1691 2891 1755 2960 ac

76 3017 122 3118 si
144 3013 297 3117 nulla
324 3008 451 3112 ferri
473 3003 664 3107 incisio
692 2998 826 3101 illud
852 2993 1222 3136 tetigisset>14

535 3269 700 3370 Sexto
722 3248 904 3351 Nonas
930 3248 1142 3348 Martii:
1172 3246 1329 3349 Luna
1707 3247 1878 3352 Exxn

173 3566 181 3613 l

82 3518 621 3641 alericl'glt
704 3514 714 3610 i
807 3512 835 3608 lt
916 3510 925 3606 Ι
1000 3543 1048 3605 nt
1116 3539 1344 3639 upq
1415 3542 1437 3602 r
1510 3544 1532 3604 s
1610 3526 1628 3605 t
1707 3542 1738 3605 u

77 3648 1755 3740 3456789101llll3lllolol'il8l9202l

107 3808 142 3903 Α
258 3799 294 3897 ll
405 3795 446 3891 i]
554 3792 595 3891 ll
708 3790 745 3889 E
836 3770 877 3871 F
1007 3785 1041 3884 p*
1143 3784 1189 3881 G
1298 3778 1342 3881 Η
1441 3780 1489 3884 Nl
1593 3783 1629 3883 N
1724 3783 1755 3881 l'

96 3926 1756 4017 22232425262726272829l2

157 4168 302 4239 *tna
322 4137 378 4237 iu
409 4133 703 4237 Germania
730 4167 741 4237 τ
765 4133 910 4235 beati
934 4129 1155 4235 Henrici
1183 4130 1408 4237 Susonis
1435 4131 1588 4236 Sue'vi
1619 4168 1826 4237 con-ne
1852 4173 1882 4234 2.

100 4170 177 4393 L·
214 4279 426 4384 sessoris
447 4274 666 4380 Ordinis
690 4278 1125 4410 uostri‚regulari
1143 4278 1487 4381 observantia
1510 4281 1750 4397 celebris,

78 4425 371 4527 sanctitate
397 4422 541 4546 vitae,
570 4440 624 4524 et
649 4421 1045 4524 miraculorum
1072 4421 1230 4524 fama.
1257 4420 1413 4526 Obiit
1432 4425 1625 4525 octavo
1652 4425 1753 4525 Ka·

81 4566 273 4673 le'ndas
311 4566 627 4671 Februarii:
659 4564 751 4668 sed
780 4565 895 4701 ejus
934 4564 1191 4670 festivitas
1222 4568 1389 4670 hodie
1429 4568 1748 4670 celebratur.

94 4730 306 4834 Feb-[um
331 4730 757 4870 Duptefflomae
778 4711 860 4811 via
883 4710 1095 4811 Latina:
1111 4715 1423 4814 sanctorum
1444 4713 1747 4850 martyrum

83 4857 264 4959 lovini
291 4873 344 4960 et
368 4854 575 4973 Basile'i‚
605 4856 702 4991 qui
731 4857 867 4991 passi
894 4874 1022 4957 sunt
1063 4856 1169 4956 sub
1197 4853 1489 4960 Valeriano
1525 4874 1578 4957 et
1617 4855 1747 4959 Gal-

88 5001 235 5103 tie'no
254 4999 693 5136 imperatoribus.
723 5016 847 5116 ttem
875 4997 1064 5101 Romae
1095 5035 1104 5102 :
1135 5001 1501 5137 plurimorum
1528 5001 1746 5104 sancto-

90 5178 211 5246 rum
249 5144 570 5281 martyrum,
593 5145 688 5278 qui
721 5144 826 5245 sub
868 5141 1174 5245 Alexandro
1199 5143 1529 5281 imperatore
1559 5161 1614 5248 et
1651 5142 1748 5248 Ul-

87 5288 255 5427 piano
277 5285 534 5426 praefacto
559 5285 653 5389 diu
686 5287 932 5408 cruciati,
957 5285 1023 5388 ad
1049 5294 1353 5391 extremum
1381 5287 1601 5426 capitali
1626 5321 1752 5393 sen-

87 5432 260 5536 tentia
279 5429 522 5534 damnati
542 5450 687 5534 sunt.
702 5433 952 5547 (tusareae
975 5433 1033 5534 in
1045 5427 1752 5574 Cappadociazsanctorum
1985 5554 1989 5561 ,
