3990 6082
155 349 179 438 1
658 357 805 464 Repeto
831 360 877 442 B.
898 300 1114 464 1100001101
1139 360 1332 467 Episcopi.

160 509 261 589 forte
286 509 422 610 aliqui,
443 512 560 589 etiam
592 524 747 612 praeter
773 514 892 591 horas
918 515 1152 592 constitutas
1167 515 1211 612 101
1237 514 1294 592 010
1321 514 1446 613 vacat)
1462 534 1579 591 orare
1603 510 1822 592 voluerint:

161 646 240 703 000
268 626 325 703 010
353 626 433 704 0101
470 627 772 728 impedimento,
803 629 871 729 qui
903 628 958 706 ibi
987 627 1139 730 aliquid
1172 627 1369 732 agendum
1392 627 1636 728 putaverint.
1669 628 1822 707 Psalmis

162 750 201 818 et
223 740 387 841 Hymnis
415 765 506 819 cum
538 744 658 822 oratis
689 745 846 822 Deum:
885 744 961 822 hoc
987 754 1164 823 versetur
1189 747 1231 821 in
1260 744 1395 839 corde,
1427 742 1538 844 quod
1567 742 1768 844 profertur
1787 745 1820 820 in
1858 748 1860 759 '

161 876 243 932 010.
267 855 312 934 Et
332 854 454 934 nolite
472 868 654 936 eantare:
676 860 754 936 nisi
773 859 882 960 quod
903 859 1034 959 legitis
1053 869 1155 938 esset
1172 862 1427 938 cantandum.
1449 856 1568 954 Quod
1593 867 1730 936 autem
1754 880 1819 937 non

162 969 213 1046 ita
241 970 431 1071 scriptum
458 983 529 1068 est,
553 986 595 1052 ut
611 983 787 1052 cantetur
809 1005 816 1051 :
838 997 917 1054 000
944 983 1136 1054 cantetur.
1158 975 1326 1053 Carnem
1351 983 1521 1052 vestram
1549 971 1714 1051 domate
1734 976 1817 1074 jeju·

163 1084 254 1180 niis,
286 1093 324 1162 et
349 1086 587 1166 abstinentia
615 1112 726 1168 00000
754 1102 793 1168 01
816 1101 962 1192 potus:
992 1099 1183 1192 quantum
1211 1087 1394 1168 valetudo
1422 1087 1634 1188 permittit.
1666 1087 1816 1185 Quando

162 1211 292 1280 autem
310 1202 456 1303 aliquis
474 1227 553 1282 non
573 1214 701 1306 potest
715 1209 924 1306 jejunare;
947 1216 1174 1284 nontamen
1193 1216 1301 1284 extra
1325 1205 1462 1284 boram
1492 1203 1658 1307 prandii
1685 1205 1815 1306 aliquid

161 1317 442 1396 alimentorum
471 1335 600 1399 001001
621 1350 629 1397 :
659 1323 734 1400 nisi
762 1344 851 1399 cum
879 1330 1065 1423 aegrotat.
1088 1320 1187 1400 Cum
1214 1320 1399 1399 acceditis
1420 1319 1471 1398 ad
1493 1341 1690 1415 mensam,
1709 1319 1815 1399 donec

160 1431 254 1510 inde
281 1434 462 1534 surgatis,
483 1435 591 1536 quod
617 1436 731 1515 vobis
759 1436 976 1515 secundum
1007 1436 1336 1515 consuetudinem
1366 1435 1522 1537 legitur,
1545 1436 1634 1513 sine
1663 1434 1813 1514 tumulto

161 1557 200 1625 et
220 1549 471 1628 contentione
496 1550 659 1644 audite;
687 1574 735 1629 00
761 1551 855 1630 solae
876 1552 989 1631 vobis
1016 1552 1146 1630 fauces
1174 1562 1332 1630 sumant
1356 1550 1523 1628 cibum:
1554 1550 1628 1629 sed
1655 1561 1694 1630 01
1720 1571 1815 1629 0010

160 1663 335 1742 00011001
359 1664 523 1742 verbum
552 1666 635 1743 Dei.
660 1667 737 1764 Qui
765 1668 911 1744 infirmi
939 1677 1030 1747 sunt
1058 1690 1105 1745 01
1133 1667 1302 1767 pristina
1328 1664 1631 1773 consuetudine,
1662 1664 1814 1743 sialiter

160 1787 377 1856 tractantur
410 1780 451 1855 in
483 1779 588 1859 victu
611 1811 617 1856 :
641 1803 721 1860 non
756 1782 874 1861 debet
909 1782 999 1861 aliis
1033 1781 1246 1860 molestum
1274 1804 1374 1875 esse,
1396 1802 1469 1859 nec
1492 1781 1690 1881 injustum
1711 1780 1813 1859 videri

161 1893 232 1989 eis,
252 1915 353 1994 quos
380 1893 471 1971 feeit
496 1894 627 1996 aliqua
654 1898 896 1977 consuetudo
926 1898 1120 1977 fortiores.
1143 1897 1223 1976 Nec
1241 1896 1332 1977 illos
1347 1895 1548 1975 feliciores
1563 1905 1719 1996 putent,
1738 1894 1813 1997 qnia

21 2060 27 2077 .
161 2018 323 2085 sumunt
351 2007 457 2107 quod
492 2030 570 2085 000
603 2021 765 2089 0010001
792 2013 900 2112 ipsi:
929 2011 998 2089 sed
1030 2011 1108 2089 sibi
1141 2012 1272 2110 potius
1303 2008 1561 2111 gratulentur,
1585 2010 1682 2111 quia
1705 2008 1814 2087 valent

161 2120 270 2221 quod
306 2145 386 2200 000
418 2122 551 2201 valent
586 2125 659 2204 illi.
692 2127 739 2204 Et
773 2128 806 2204 si
838 2129 909 2223 eis,
939 2126 1008 2227 qui
1034 2136 1227 2204 venerunt
1252 2124 1505 2204 0110011111ιο
1541 2123 1814 2203 delicatioribus

158 2237 206 2313 ad
248 2239 545 2334 Monasterium,
575 2240 728 2340 aliquid
758 2242 1054 2340 alimentorum,
1086 2243 1428 2339 vestimentorum,
1446 2242 1814 2343 operimentorumve

160 2352 300 2448 datur,
334 2353 442 2453 quod
476 2354 565 2431 aliis
600 2354 855 2454 fortioribus·
882 2368 921 2435 01
955 2357 1045 2437 ideo
1077 2357 1321 2437 felicioribus
1357 2379 1437 2437 000
1473 2356 1594 2435 datur
1612 2386 1624 2450 ;
1665 2358 1813 2459 cogitare

160 2466 318 2561 debent,
350 2468 495 2568 quibus
531 2492 610 2547 000
640 2472 770 2568 datur,
803 2482 994 2573 quantum
1027 2474 1077 2551 de
1111 2496 1180 2551 sua
1217 2473 1406 2552 saeculari
1436 2474 1529 2569 vita,
1559 2471 1620 2550 illi
1647 2472 1698 2550 ad
1722 2473 1813 2551 istam

158 2582 467 2661 descenderint:
504 2587 683 2686 quamvis
722 2609 846 2688 usque
875 2591 925 2666 ad
962 2589 1148 2677 aliorum,
1182 2589 1251 2689 qui
1287 2598 1379 2667 sunt
1417 2609 1587 2688 corpore
1625 2588 1810 2681 firmiores,

159 2698 420 2798 frugalitatem
448 2702 653 2801 pervenire
679 2724 757 2780 000
784 2707 998 2804 potuerint.
1024 2703 1101 2781 Nee
1127 2703 1271 2782 debent
1301 2703 1403 2782 velle
1428 2725 1581 2801 omnes,
1602 2702 1711 2800 quod
1735 2724 1810 2804 pan·

159 2834 227 2891 000
245 2813 379 2892 vident
396 2816 566 2916 amplius
586 2820 677 2916 (000
696 2820 788 2918 quia
816 2821 1075 2914 honorantur,
1099 2819 1167 2896 sed
1190 2818 1285 2920 quia
1311 2819 1540 2916 tolerantur)
1558 2820 1754 2919 accipere;
1775 2837 1811 2892 00

159 2928 359 3029 contingat
386 2930 615 3010 detestanda
647 2935 911 3034 perversitas:
934 2937 1036 3014 utin
1056 2936 1312 3032 Monasterio,
1333 2936 1400 3014 ubi
1427 2944 1625 3035 quantum
1653 2941 1809 3037 possunt,

159 3046 257 3122 liunt
284 3044 423 3124 divites
451 3047 653 3145 laboriosi,
674 3049 770 3128 liant
795 3074 987 3152 pauperes
1009 3052 1181 3130 delicati.
1208 3052 1307 3129 Sane
1333 3050 1674 3152 quemadmodum
1700 3069 1811 3149 aegro

156 3169 280 3238 tantes
309 3183 468 3240 necesse
494 3163 641 3241 habent
669 3165 801 3244 miuus
819 3168 1012 3267 accipere,
1034 3189 1083 3245 ne
1102 3177 1341 3268 graventur,
1359 3166 1413 3245 ita
1431 3175 1522 3266 post
1540 3165 1810 3267 aegritudinem

155 3275 212 3353 sic
245 3277 436 3354 tractandi
473 3288 577 3375 sunt,
606 3289 648 3357 ut
682 3282 798 3359 citius
833 3293 1096 3361 recreentur:
1128 3283 1243 3360 011001
1281 3283 1313 3360 01
1346 3281 1396 3359 de
1428 3280 1657 3377 humillima
1685 3276 1810 3359 saeculi

157 3400 384 3490 paupertate
417 3395 627 3487 venerint;
659 3407 861 3498 tamquam
895 3398 1076 3475 10011110
1110 3397 1323 3476 0001010111
1359 3397 1555 3476 recentior
1589 3394 1808 3498 aegritudo:

161 3512 269 3610 quod
296 3511 487 3593 divitibus
514 3520 689 3595 anterior
713 3519 969 3597 consuetude.
995 3518 1072 3596 Sed
1091 3540 1181 3597 oum
1204 3521 1306 3597 vires
1330 3517 1521 3617 pristinas
1548 3516 1809 3618 reparaverint,

160 3624 321 3704 redeant
337 3629 387 3705 ad
406 3630 621 3710 feliciorem
644 3633 972 3712 consuetudinem
990 3655 1100 3712 suam
1119 3663 1130 3728 ;
1152 3656 1239 3734 quae
1253 3634 1423 3711 famulos
1444 3633 1514 3711 Dei
1533 3641 1646 3712 tanto
1662 3630 1811 3734 amplim

159 3740 282 3838 decet,
303 3754 451 3843 quanto
478 3747 608 3828 minus
636 3749 816 3851 indigent
837 3779 844 3825 :
868 3772 917 3826 00
943 3749 1022 3826 cibi
1049 3771 1117 3828 000
1149 3759 1277 3828 teneat
1303 3748 1485 3850 voluptas
1507 3751 1591 3849 jam
1621 3756 1809 3851 vegetatos,

159 3879 259 3957 quos
295 3861 508 3940 necessitas
539 3863 685 3942 levarat
717 3866 911 3943 infirmos.
948 3865 1045 3943 lllos
1079 3888 1172 3943 sane
1205 3865 1430 3944 existiment
1462 3863 1659 3942 ditiores:
1688 3861 1809 3964 quiin

158 3972 388 4051 sustinenda
417 3979 605 4077 parcitate
632 3982 777 4059 fuerint
803 3981 1000 4060 101110100.
1022 3981 1164 4059 1101100
1183 3991 1240 4058 001
1261 3981 1367 4059 00110
1388 3979 1520 4057 011000
1538 4001 1656 4080 egere
1681 3996 1809 4080 :quam

157 4089 247 4190 plus
273 4090 433 4170 habere.
452 4093 535 4172 Non
561 4097 612 4174 sit
639 4097 825 4174 notabilis
854 4097 1011 4176 habitus
1038 4106 1193 4176 vester:
1225 4119 1296 4173 000
1322 4094 1512 4174 0110010110
1545 4094 1721 4174 vestibus
1744 4091 1809 4195 pla·

156 4226 257 4303 cere,
289 4205 358 4284 sed
391 4210 584 4289 moribus.
617 4212 779 4301 Quando
815 4214 1044 4312 proceditis,
1079 4214 1198 4292 simul
1235 4212 1470 4290 ambulate:
1500 4232 1593 4301 eum
1625 4209 1807 4302 veneritis,

156 4344 235 4420 quo
261 4322 341 4418 itis,
369 4324 484 4401 simul
519 4336 628 4405 state.
662 4330 705 4404 10
747 4331 916 4422 incessu,
946 4339 1062 4425 statu,
1100 4330 1250 4427 babitu,
1281 4338 1320 4406 et
1354 4328 1395 4404 in
1428 4326 1619 4406 omnibus
1653 4324 1810 4405 motibus

158 4437 306 4532 vestris,
338 4437 437 4514 nibil
464 4441 543 4537 liat,
572 4444 681 4542 quod
708 4445 939 4544 cujusquam
968 4441 1141 4522 offendat
1168 4453 1401 4544 aspectum:
1429 4440 1499 4520 sed
1525 4441 1635 4541 quod
1659 4450 1809 4520 vestram

155 4551 289 4630 deceat
314 4555 575 4634 sanctitatem.
602 4558 717 4635 (lculi
750 4561 883 4656 vestri,
919 4570 957 4638 et
985 4559 1017 4637 si
1052 4559 1249 4660 jaciantur
1278 4561 1318 4636 in
1346 4558 1521 4658 aliquam
1558 4555 1809 4635 feminarum:

156 4666 195 4740 in
224 4666 372 4744 nullam
402 4671 581 4771 ligantur.
615 4674 748 4775 Neque
777 4675 899 4773 enim,
932 4678 1093 4777 quando
1126 4675 1354 4776 proceditis,
1377 4674 1546 4752 feminas
1573 4672 1710 4752 videre
1735 4690 1812 4773 pro

155 4780 348 4858 bibemini
379 4814 386 4860 :
423 4786 490 4863 sed
521 4800 720 4890 appetere,
739 4792 798 4867 vel
827 4791 876 4867 ab
908 4791 1006 4890 ipsis
1033 4792 1165 4891 appeti
1200 4789 1311 4884 velle,
1339 4789 1600 4867 criminosum
1638 4796 1712 4867 est.
1747 4783 1812 4863 Nes

154 4895 239 4974 0010
269 4909 371 4976 10010
399 4915 437 4978 01
461 4901 631 4982 affectu:
664 4907 732 4983 sed
759 4919 796 4984 et
823 4919 984 5006 aspectu
1013 4929 1172 5008 quoque
1196 4906 1409 5006 appetitur,
1437 4914 1475 4982 et
1500 4904 1653 5006 appetit
1683 4924 1811 4982 conco·

155 5013 345 5112 piscantia
372 5017 620 5097 t'emiuarum.
649 5021 726 5098 Nee
753 5024 892 5100 dicatis
924 5045 992 5100 vos
1018 5023 1162 5101 habere
1189 5023 1345 5100 animos
1373 5020 1555 5122 pudicos,
1585 5021 1620 5097 si
1653 5016 1814 5097 babeatis

155 5133 289 5209 oculos
324 5133 581 5233 impudicos:
616 5140 708 5238 quia
744 5140 969 5239 impudicus
1000 5140 1138 5218 oculus
1172 5137 1363 5240 impudici
1393 5136 1526 5215 cordis
1558 5146 1620 5215 est
1653 5136 1812 5214 nuntius.

155 5245 202 5322 Et
228 5269 317 5323 cum
345 5272 386 5326 se
411 5250 580 5329 invicem
608 5255 778 5345 sibimet,
804 5257 922 5333 etiam
949 5265 1103 5334 tecente
1129 5255 1276 5355 lingua,
1297 5263 1511 5354 conspectu
1541 5262 1685 5331 mutuo
1710 5246 1815 5330 corda

155 5363 338 5442 nuntiant
370 5365 601 5467 impudica,
644 5383 681 5448 et
712 5371 930 5449 seeundum
968 5371 1330 5471 concupiscentiam
1363 5369 1493 5447 carnis
1532 5367 1726 5447 alterutro
1754 5365 1815 5443 de·

156 5479 346 5558 lactantur
375 5485 542 5563 ardore:
568 5488 687 5565 etiam
711 5489 866 5566 intactis
898 5490 947 5566 ab
977 5488 1183 5567 immunda
1221 5486 1431 5566 violatione
1457 5485 1711 5587 corporibus,
1731 5480 1818 5584 fvgit
