3990 6082
709 314 1171 418 r‘rlunututus.
1714 315 1784 423 33

108 505 331 643 duplex.
368 512 678 624 rtntiochiae
706 552 715 620 :
747 523 938 624 natolis
963 525 1136 628 sancti
1170 523 1341 657 Agabi
1374 521 1682 659 Prophotae,
1715 515 1784 618 de

106 692 222 792 quo
243 660 438 765 beotus
465 663 639 768 Luoas
665 668 719 766 in
751 665 984 770 Actibus
1022 668 1351 808 Apostoliois
1388 666 1594 768 scribit.
1628 650 1778 763 Meli-

106 803 240 905 tiuae
261 805 318 905 in
342 804 602 910 Armenia
626 842 638 911 :
662 813 832 911 sancti
858 813 1137 950 polyeucti
1159 811 1427 948 mortyris
1451 809 1560 931 Qui
1581 809 1637 909 in
1662 838 1780 943 per-

105 947 393 1052 secutione
421 950 573 1055 Dooii
600 955 943 1097 imperatoris
970 958 1142 1058 inulta
1163 988 1384 1095 passus:
1416 950 1660 1092 martyrii
1689 980 1783 1051 oo·

109 1091 303 1192 ronam
327 1091 561 1233 adoptus
584 1117 679 1200 est.
697 1092 880 1202 nomae
903 1133 912 1202 :
937 1103 1108 1203 sancti
1133 1100 1381 1234 Gregorii
1404 1097 1564 1234 Papae
1582 1093 1782 1198 Secun-

109 1233 190 1337 di.
231 1233 337 1357 Qui
388 1238 581 1343 Leonis
611 1242 826 1345 isourioi
866 1245 1135 1382 impietoti
1174 1243 1434 1346 acorrime
1473 1239 1780 1342 restitittet

110 1397 366 1481 sanctum
393 1380 736 1486 Bonifoeiunr
762 1386 828 1486 ad
857 1388 1274 1524 praedioondum
1321 1384 1677 1518 Evangoliurn
1720 1382 1776 1479 in

112 1522 469 1627 Germoniarn
497 1531 660 1630 misit.
707 1522 1015 1660 Ande‘gavi:
1053 1531 1321 1668 depositio
1359 1529 1533 1629 sancti
1567 1523 1778 1627 Luoinii

108 1665 387 1805 Episcopi,
413 1673 730 1776 venerobilis
756 1676 1057 1776 sanctitutis
1083 1676 1200 1775 viri.
1234 1664 1400 1775 Reote
1429 1703 1439 1773 :
1469 1670 1640 1773 sancti
1663 1666 1784 1770 Sto·

106 1812 280 1947 phani
314 1813 561 1935 Abbotis,
591 1819 743 1919 rnirae
781 1819 1060 1956 pationtiae
1094 1820 1210 1918 viri.
1243 1818 1301 1918 ln
1334 1815 1493 1950 cujus
1523 1814 1776 1931 tronsitu,

106 1973 173 2054 ut
199 1955 363 2058 refert
388 1958 581 2061 beotus
609 1958 910 2097 Gregorius
936 1962 1113 2100 Papa:
1144 1961 1316 2064 sancti
1348 1958 1560 2095 Angeli,
1586 1950 1783 2060 soteris

102 2099 270 2200 otiam
292 2098 627 2224 vidontibus,
652 2103 967 2208 adfuorunt.

369 2433 371 2436 .
403 2339 782 2451 Sextodooirno
810 2347 1079 2450 Kalondas
1101 2347 1279 2449 Mortii
1304 2384 1315 2447 :
1341 2347 1496 2448 Luna
1735 2341 1850 2444 va

101 2580 1775 2715 anroesghikt111,111·)qrsrn

100 2739 1777 2825 nnnnnuununnnnnrwru

102 2861 146 2958 n
226 2856 267 2955 B
355 2861 396 2959 (Δὶ
492 2860 536 2960 [t
631 2859 672 2960 'ri
785 2868 825 2971 F
947 2859 979 2956 r·
1097 2857 1144 2957 G
1253 2854 1296 2954 u
1414 2852 1467 2952 M
1579 2851 1612 2947 s
1741 2854 1775 2949 t>

96 3017 1773 3104 orsurunnunnun

199 3259 345 3326 unusu
376 3274 386 3331 :
417 3228 560 3331 beon
593 3230 798 3333 Nicoloi
837 3232 987 3333 Polea
1029 3229 1098 3333 de
1136 3229 1427 3332 Juvenotio
1454 3225 1773 3329 confessoris
1790 3246 1847 3309 bu
1877 3251 1923 3311 u-

218 3365 440 3471 Ordinis
494 3376 693 3493 nostri,
744 3375 986 3476 Perusini
1039 3391 1093 3476 et
1130 3372 1423 3475 Tranonsis
1469 3374 1774 3474 convontus

96 3508 426 3616 surrdatoris.
457 3514 566 3638 Qui
594 3553 624 3619 a
649 3518 811 3619 berito
853 3517 1141 3620 Dorninieo
1180 3517 1337 3619 Patre
1363 3533 1553 3616 nostro
1574 3513 1641 3615 ad
1673 3510 1774 3615 Or-

97 3653 284 3757 dinem
332 3663 600 3798 reooptus,
630 3681 682 3763 et
727 3663 784 3765 in
818 3660 1210 3799 praedicatione
1244 3658 1393 3762 verbi
1446 3658 1542 3760 oei
1590 3692 1772 3761 eomes

95 3796 365 3902 admissus
389 3834 400 3911 ;
425 3805 478 3902 in
504 3806 755 3906 omniurn
783 3805 1052 3906 virtutum
1074 3804 1329 3908 exercitio
1351 3802 1675 3904 mirabiliter
1695 3835 1772 3904 re·

94 3941 622 4077 splenduitFesturn
643 3942 871 4081 Duplerr.
897 3942 1104 4050 Rornae:
1128 3946 1446 4051 sanctorum
1468 3945 1769 4083 Mortyrunr

93 4082 312 4206 vitulis,
336 4085 378 4188 F
381 4088 577 4208 eliouli,
606 4110 659 4194 et
685 4092 938 4195 Zenonis.
971 4090 1294 4193 interomnae
1323 4123 1333 4191 :
1364 4090 1536 4191 sancti
1563 4086 1771 4191 Valen-

96 4230 198 4328 tini
242 4229 492 4368 Episcopi
535 4251 590 4335 et
629 4237 895 4374 nrortyris.
937 4232 1046 4356 Qui
1087 4252 1210 4373 post
1248 4232 1521 4335 diutinam
1562 4231 1766 4336 oaedenr

95 4370 365 4477 eustodiae
386 4377 749 4515 mancipotus,
779 4413 904 4482 curn
929 4381 1169 4515 superori
1194 4411 1306 4479 non
1327 4394 1508 4515 posset
1536 4374 1769 4478 :modin

99 4521 275 4618 noctis
314 4519 528 4621 silontio
568 4521 772 4656 ejootus
810 4521 879 4624 de
918 4525 1148 4641 coreere,
1190 4521 1491 4625 deooilotus
1511 4537 1588 4621 est
1611 4519 1764 4653 jussu

97 4657 297 4762 Plocidi
339 4664 491 4765 urbis
528 4663 785 4801 praefooti.
824 4662 1165 4767 Alexandriae
1193 4665 1542 4767 :sanctorum
1569 4664 1766 4798 mirty-

97 4836 225 4902 rum
262 4802 427 4925 Bassi,
468 4805 715 4929 Antonii,
757 4826 811 4911 et
851 4807 1123 4935 Protolioi,
1163 4810 1262 4945 qui
1297 4805 1525 4909 demorsi
1554 4810 1764 4905 suntin

96 4978 263 5049 mare.
298 4952 419 5051 ³tern
451 4951 802 5054 :sanctorum
831 4953 1135 5091 rnortyrum
1163 4950 1415 5090 Cyrionis
1442 4949 1764 5086 Presbyteri,

94 5088 334 5192 Bassioni
377 5092 634 5215 Lectr'rris,
676 5095 978 5223 Agathonis
1005 5095 1315 5211 Exoroistae,
1344 5111 1398 5194 et
1425 5091 1641 5229 Moysis,
1668 5093 1764 5226 qui

96 5268 288 5337 omnes
307 5237 420 5371 igni
443 5237 715 5338 conrbosti
738 5239 1023 5341 evolorunt
1042 5238 1110 5339 ad
1134 5238 1344 5340 oaelurn.
1380 5227 1584 5338 lbidern
1614 5267 1625 5336 ;
1648 5270 1769 5336 san·

96 5378 316 5483 otorum
355 5379 601 5519 Dionysii
624 5399 675 5484 et
696 5382 977 5486 Ammonii
1004 5380 1415 5486 decollatorum.
1441 5372 1613 5519 Apud
1637 5380 1768 5480 Sur-

169 5554 494 5629 usnrrnotoo.
524 5556 672 5627 runo.
1593 5522 1623 5623 5
