3990 6082
249 379 353 485 256
871 389 913 491 N
921 384 1292 493 OVEMBER.

243 591 349 694 bus
377 590 786 727 opprimantur.
830 600 965 699 ltem
992 589 1215 693 Romae:
1246 589 1419 692 sancti
1446 587 1623 691 Mauri
1645 586 1890 726 martyris.

246 732 353 857 Qui
388 768 452 836 ex
480 733 660 836 Africa
700 734 921 838 veniens
948 734 1015 836 ad
1045 736 1291 873 sepulcra
1333 730 1763 872 Apostolorum:
1811 733 1897 834 sub

247 878 584 981 Numeriano
651 878 980 1015 imperatore
1032 897 1086 983 et
1141 876 1389 983 Celeriuo
1446 874 1608 979 Urbis
1663 875 1905 1015 praelecto

247 1022 569 1158 agonizavit.
593 1022 1025 1158 Augustodtini:
1054 1024 1226 1207 sancti
1255 1021 1543 1159 Pragmatii
1584 1020 1834 1159 Episcopi
1857 1038 1917 1122 et

247 1165 583 1271 confessoris.
1987 1170 1989 1175 ’

124 1342 294 1459 xxer
586 1353 750 1455 Nono
771 1346 1040 1451 Kalendas
1062 1346 1378 1450 Decembris
1402 1377 1413 1449 :
1439 1342 1596 1446 Luna

250 1572 280 1631 a
339 1534 375 1631 b

250 1678 365 1758 34
624 1672 1919 1761 ’189131113131415161718193021

256 1797 1922 1911 ABCDEFFGHMNP

249 1954 444 2032 3333
700 1944 1921 2036 3336373738393013

98 2136 159 2207 nie
182 2140 236 2207 aa
228 2112 518 2337 Ninus
550 1955 721 2194 sancti
756 2092 1051 2199 Clementis
1079 2095 1252 2232 Paptc
1281 2091 1390 2216 Qui
1424 2094 1617 2198 tertius
1644 2108 1764 2255 post
1792 2088 1922 2193 bea

386 2254 506 2337 tum
535 2237 752 2482 Petrpm
775 2239 1098 2405 Apostolum
1134 2238 1516 2342 Pontificatum
1545 2238 1763 2357 tenuit;
1786 2254 1837 2347 31
1859 2236 1988 2335 in

252 2379 697 2520 persecutione'l
696 2381 806 2518 'araj
793 2385 878 2484 im
870 2383 1056 2521 apud
1084 2381 1489 2486 Chersonesum
1516 2382 1815 2515 relegatus:
1842 2368 1929 2480 ibi

252 2525 438 2662 alligat
418 2543 470 2626 a
495 2524 561 2627 atl
591 2527 791 2627 collum
833 2526 997 2661 ejus
985 2528 1267 2629 ε’33315333
1255 2563 1311 2629 m
1340 2561 1486 2629 mare
1525 2522 1933 2689 praecipitatus

253 2670 515 2807 martyrio
537 2672 848 2772 coronatur.
877 2670 1048 2807 Cujus
1070 2706 1270 2808 corpus
1292 2670 1514 2774 Nicolao
1543 2670 1724 2772 Primo
1746 2662 1942 2770 Ponti

253 2811 356 2916 lice
383 2813 613 2915 Romam
644 2817 1011 2919 translatum:
1047 2818 1101 2929 in
1136 2816 1374 2938 ecclesia,
1403 2847 1531 2950 quae
1557 2814 1672 2951 eJ'us
1699 2812 1945 2915 nomine

253 2959 410 3059 antea
454 2957 626 3062 suerat
667 2964 957 3078 exstructa
984 2959 1286 3063 honorilice
1324 2957 1675 3064 reconditum
1715 2973 1812 3060 est.
1833 2960 1952 3063 Fe

255 3125 401 3210 stum
423 3108 653 3248 Duplex
679 3110 902 3211 Romae:
933 3122 1135 3207 sanctae
1161 3104 1470 3230 Felicitatis,
1499 3103 1687 3205 matris
1716 3117 1953 3239 septem

257 3243 499 3347 filiorum
523 3282 576 3347 m
583 3250 849 3417 artJrum‚
872 3284 999 3385 quae
1021 3268 1145 3387 post
1171 3282 1261 3352 eos
1267 3247 1530 3383 ‚jubente
1551 3246 1736 3350 Marco
1758 3245 1957 3349 Anto

258 3392 388 3491 nino
428 3392 775 3529 imperatore,
798 3393 1063 3497 decollata
1090 3412 1169 3498 est
1201 3426 1300 3555 pro
1325 3391 1562 3495 Christo
1586 3388 1880 3497 Emerita:
1867 3406 1957 3488 ιη

260 3532 557 3671 Hispania:
581 3554 783 3638 sanctu¹
811 3536 1075 3640 Lucretiae
1060 3539 1400 3671 virginiset
1425 3538 1694 3674 martyris,
1719 3530 1961 3669 quaein

260 3679 642 3815 persecutione
683 3678 1002 3786 Diocletiani
1044 3683 1148 3784 sub
1191 3683 1428 3784 llaeiano
1459 3679 1690 3821 praeside
1729 3695 1969 3815 marty‘

257 3821 404 3923 rium
432 3827 852 3929 consummavit.
884 3826 1090 3931 leonii
1077 3861 1134 3928 m
1163 3825 1472 3965 Lycaonia:
1496 3825 1667 3928 saneti
1690 3820 1973 3962 Amphi‘

258 3966 423 4068 louhii
436 3964 741 4145 Episcopi.
772 3969 879 4093 Qui
922 3970 1238 4073 sanctorum
1269 3969 1443 4074 Basilii
1475 3988 1527 4073 ct
1551 3967 1803 4105 Gregorii
1831 3962 1981 4067 Na‘

261 4108 507 4213 zianzeni
531 4147 586 4212 m
611 4120 793 4219 cremo
819 4115 1015 4234 socius,
1039 4132 1092 4216 et
1116 4117 1169 4213 in
1194 4112 1240 4214 ..ll
1219 4116 1532 4252 piscopatu
1558 4114 1790 4247 collega:
1810 4102 1985 4273 post

260 4255 436 4356 multa
458 4258 756 4360 certamina
778 4293 877 4399 pro
898 4257 1181 4361 Catliolica
1209 4254 1319 4361 lide
1344 4264 1614 4397 suscepta,
1645 4252 1986 4359 sanctitatC

261 4415 315 4499 et
342 4395 591 4503 doctrina
619 4404 796 4505 clarus
820 4403 1028 4538 quievit
1055 4403 1111 4504 in
1142 4434 1291 4540 pace.
1321 4401 1634 4535 Agrigenti:
1666 4394 1985 4539 depositi(

261 4545 435 4646 sancti
478 4544 729 4683 Gregorii
770 4547 1046 4687 Lpiscopi
1094 4550 1148 4651 lu
1188 4580 1328 4683 pago
1380 4545 1713 4649 Hasbauio:
1760 4544 1985 4646 sanct

261 4683 546 4791 Trudonis
570 4690 875 4832 Presbyteri
895 4711 949 4796 3
929 4690 1307 4796 tconfessoris.

451 1530 1920 1755 >pel''gl1ikln1npqrstu

434 1568 457 1632 t

438 1680 461 1757 5
