3990 6082
159 354 264 469 286

224 590 486 714 Quotidie
509 611 630 730 post
655 594 945 697 lectionem
966 593 1336 737 Martyrologii
1364 598 1730 735 subjungatur

152 822 201 950 i·
230 831 469 937 Pretiosa
496 852 572 937 est
599 833 655 935 in
676 836 979 966 conspeetu
1012 831 1252 937 Domini.

153 974 218 1095 137·
255 975 400 1087 Mors
425 973 757 1089 Sanctorum
779 977 912 1114 ejus.
1186 1079 1191 1090 ,

891 1115 1091 1216 Oratio.

158 1274 388 1515 Sertori
430 1266 615 1387 Maria,
643 1283 698 1368 et
734 1297 925 1370 omnes
950 1261 1136 1370 Sancti
1162 1263 1514 1371 intereodaot
1536 1296 1639 1401 pro
1680 1264 1823 1368 nobis

267 1410 337 1513 ad
369 1410 668 1514 Dominum
696 1441 706 1512 :
737 1426 797 1510 ut
823 1410 1134 1513 mercamur
1154 1406 1401 1545 adjuvari
1429 1409 1500 1512 ab
1528 1439 1615 1530 e0,
1635 1409 1741 1546 qui
1765 1409 1828 1511 ri·

137 1553 238 1696 ‚vit
264 1574 316 1660 et
344 1572 534 1691 regnat
558 1587 656 1689 per
677 1553 864 1656 oroma
886 1553 1090 1657 ¹saecula
1112 1554 1460 1659 saeculorum.
1479 1558 1545 1668 ti.
1582 1549 1781 1655 Amen.

157 1690 205 1811 i·
236 1699 383 1803 Deus
404 1702 461 1800 io
484 1696 826 1833 adjutorium
850 1733 1034 1802 meum
1063 1696 1308 1801 intende.

158 1838 225 1958 1t7.
258 1843 491 1948 Domine
515 1840 585 1944 ad
611 1840 987 1979 adjuvandum
1021 1876 1107 1945 me
1134 1842 1347 1944 festina.
1376 1856 1429 1941 et
1449 1836 1659 1940 dieitur
1685 1859 1784 1941 ter.

229 1973 440 2078 Deinde
473 1986 661 2091 Gloria
690 1987 849 2089 Patri.
869 2000 922 2082 et
944 1986 1097 2090 Sicut
1125 2005 1255 2090 erat.

157 2118 570 2271 Kyrieeleisorr.
597 2122 1062 2252 Christeelriisorr.
1087 2127 1272 2271 Kyrie,
1302 2129 1520 2235 eleison.

160 2261 322 2380 Pater
348 2295 548 2379 noster.
767 2376 772 2383 .

112 2489 117 2496 ·
158 2411 207 2532 is·
236 2420 309 2524 Et
330 2455 399 2524 ne
421 2454 518 2525 nos
538 2417 769 2529 iodtieas
787 2419 845 2520 in
864 2416 1247 2522 tentationem.

159 2557 224 2675 at
251 2562 358 2668 Sed
379 2566 545 2669 libera
574 2597 673 2666 nos
699 2598 729 2666 a
756 2564 914 2666 maio.

159 2693 207 2817 is·
236 2708 483 2847 Respice,
527 2705 778 2828 Domine,
806 2707 865 2808 in
888 2739 1069 2810 servos
1106 2723 1249 2824 tuos,
1273 2722 1328 2809 et
1352 2706 1412 2809 in
1438 2704 1610 2844 opera
1634 2721 1760 2827 tua,
1790 2721 1843 2810 et

164 2848 335 2984 dirige
354 2850 494 2959 filios
514 2850 722 2956 eorum.

159 2988 224 3109 lti-
254 2996 326 3103 Et
343 2998 412 3100 sit
430 2995 691 3136 splendor
712 2995 934 3101 Domini
959 2994 1052 3099 Dei
1076 2994 1247 3101 nostri
1267 3027 1568 3133 supernos,
1590 3011 1649 3098 et
1669 2993 1843 3134 opera

166 3143 434 3245 manuum
462 3142 776 3243 nostrorum
798 3139 971 3275 dirige
989 3173 1157 3278 super
1178 3170 1300 3243 nos:
1323 3156 1377 3245 et
1398 3171 1540 3277 opus
1561 3141 1840 3242 man-uum

166 3288 479 3393 nostrarum
504 3281 692 3420 dirige..

234 3414 444 3519 Deinde
470 3420 719 3554 sequitur
744 3419 858 3523 sine
897 3423 1145 3533 Ore'mus.
1553 3416 1769 3524 Oratio,

165 3572 470 3801 Domana,
485 3593 539 3677 et
559 3570 903 3689 sanctificare
922 3570 1180 3706 digneris,
1206 3566 1443 3681 Domine
1461 3586 1672 3687 sancte,
1686 3567 1849 3673 Pater

295 3718 665 3855 omnipotens,
692 3721 895 3823 aeterne
920 3715 1086 3832 Deus,
1114 3711 1282 3817 hodie
1309 3711 1493 3833 eorda,
1522 3731 1576 3821 et
1606 3712 1848 3853 corpora

169 3863 431 3966 nostram
452 3862 566 3999 iege
590 3882 702 3983 tua,
718 3878 772 3965 et
792 3862 849 3965 in
870 3859 1135 3998 operibus
1156 3855 1550 3965 mandatorum
1572 3858 1812 3962 tuorum
1835 3888 1848 3977 ;

171 4026 232 4110 ut
258 4007 369 4128 hie,
393 4022 447 4109 et
472 4009 528 4108 in
557 4010 829 4115 aeternum
870 4023 922 4108 te
959 4004 1276 4122 auxiliante,
1304 4034 1523 4141 semper
1558 4003 1693 4107 salvi
1736 4033 1852 4107 esse

169 4153 503 4262 mereomur:
520 4151 619 4254 Per
638 4150 919 4254 Christum
946 4147 1252 4253 Dominum
1273 4165 1542 4251 nostrum.
1558 4153 1624 4263 IV·
1645 4145 1849 4252 Amen.

193 4375 196 4383 ,
237 4282 426 4384 Postea
448 4283 596 4386 dieto
623 4287 671 4411 i.
702 4292 730 4395 J
737 4295 846 4397 ube
874 4290 1078 4398 domne
1117 4287 1460 4395 benedicere.
1483 4281 1647 4386 detur
1673 4286 1851 4388 bene·

166 4425 372 4532 dictio:
408 4435 665 4542 Divinum
694 4437 961 4543 auxilium
1000 4437 1220 4543 moneat
1269 4467 1486 4574 semper
1530 4433 1850 4539 nobiseum.

165 4573 206 4672 si
235 4569 530 4709 legertrthtm
551 4593 629 4676 est
650 4570 717 4677 (ie
738 4571 1051 4709 Evangelio.

238 4717 290 4817 Si
331 4750 457 4818 mro
478 4717 552 4820 de
583 4718 1117 4824 Coristitutionibus:
1155 4722 1523 4857 Regularibus
1548 4720 1860 4862 disciplinis

168 4876 405 4975 instruat
425 4908 524 4977 nos
550 4872 807 5009 Magister
827 4869 1070 4973 caelestis.
1091 4873 1156 4982 157.
1183 4866 1379 4975 Anien.
1434 4861 1437 4868 ’

245 5003 451 5108 Deinde
474 5007 684 5143 legatur
710 5006 778 5110 rte
813 5006 1119 5141 Erar‘rgeiim
1138 5008 1220 5108 vel
1249 5004 1316 5106 de
1344 5001 1861 5107 Constitutiorribus

170 5187 268 5286 pro
285 5151 548 5285 totalitate
571 5151 696 5255 diei.
720 5152 858 5254 Cum
886 5151 954 5252 (ie
975 5151 1269 5287 Evangelio
1296 5151 1510 5285 legitur,
1534 5149 1864 5287 simpliciter

170 5294 429 5395 elimam:
469 5298 792 5407 Secondum
837 5296 1283 5404 Matthaeum.rel
1345 5291 1617 5417 Mamurra,
1648 5314 1755 5397 ete.
1810 5319 1863 5397 rt

173 5436 310 5538 dum
331 5439 542 5570 iegitur,
565 5462 710 5544 sterit
730 5446 934 5542 iratres,
961 5440 1183 5541 (iumde
1205 5438 1730 5557 Coristitutiortibus
1759 5443 1857 5542 sie:
