3990 6082
750 328 1161 436 llntnltltls‘.
1765 330 1798 429 5
1854 310 1861 324 ’

130 529 512 660 persccutidne
543 531 894 655 Diocletiani,
914 535 1149 671 jubente
1171 533 1348 636 Rictio
1368 532 1519 636 Varo
1543 533 1796 670 praeside,

129 699 259 768 curn
293 670 352 770 in
397 675 577 809 ignem
609 700 744 784 esset
769 680 1128 818 praecipitata,
1158 696 1212 780 et
1252 678 1629 815 permansisset
1666 678 1797 820 illae·

124 843 201 932 sa,
225 810 430 922 dehinc
453 825 760 925 mammillis
783 825 1043 944 abscissis,
1067 838 1120 924 ct
1139 822 1390 957 squalore
1410 822 1638 926 carceris
1659 823 1798 924 allli-

127 972 215 1056 cta
241 987 253 1075 ;
276 992 443 1096 super
463 981 624 1068 testas
653 970 818 1071 etiam
839 969 1194 1084 acutissimas,
1209 1000 1272 1069 ac
1295 1000 1501 1105 prunas
1525 967 1794 1068 volutnta:

126 1133 289 1203 orans
315 1107 566 1240 migravit
593 1109 661 1212 ad
692 1108 1309 1214 Dominumllhe'donis
1329 1111 1383 1210 in
1407 1109 1796 1229 Galliatsancti

127 1241 351 1347 Melanii
386 1250 642 1395 Episcopi
673 1272 727 1358 et
758 1253 1107 1358 Confessdris.
1138 1251 1248 1375 Qui
1284 1273 1404 1390 post
1426 1256 1798 1357 innumerabi·
1841 1392 1844 1396 ῃ

128 1387 265 1487 lium
295 1391 448 1529 signa
484 1397 777 1522 virtutum,
803 1399 1008 1536 jugiter
1034 1399 1168 1501 coelo
1200 1398 1446 1500 intentus
1486 1431 1496 1500 ;
1535 1397 1797 1534 gloriosus

126 1531 381 1667 migravit
422 1574 451 1640 a
490 1544 707 1646 saeculo.
749 1545 1033 1648 l'lorentiae
1060 1573 1069 1644 :
1098 1542 1267 1644 sancti
1307 1541 1542 1646 Andreae
1585 1541 1792 1644 Corsini

125 1672 424 1782 Florentini
455 1680 760 1788 Carmelitae
787 1687 1040 1826 Episcopi
1062 1685 1102 1787 F
1106 1687 1330 1788 esulani.
1361 1685 1542 1808 Quem
1564 1688 1797 1790 miracu·

124 1817 191 1919 lis
221 1821 427 1925 clarum
472 1824 725 1932 Urbanus
757 1827 1000 1933 Octavus
1031 1832 1086 1932 in
1133 1826 1463 1933 Sanctorum
1504 1832 1792 1934 numerum

126 1964 349 2069 retulit:
376 1969 535 2106 cujus
557 1973 813 2076 festivitas
835 1974 1011 2112 pridie
1036 2006 1210 2075 nonas
1243 1972 1525 2076 februarii
1554 1975 1793 2077 celebra·

125 2122 235 2207 tur.
259 2115 488 2218 Gerrhis
508 2118 564 2217 in
588 2118 847 2256 AEgypto:
871 2119 1043 2222 sancti
1072 2117 1431 2220 Nilammdnis
1459 2118 1669 2220 rechisi.
1685 2116 1792 2241 Qui
1932 2231 1935 2240 ,

121 2246 261 2351 dum
304 2253 372 2354 ad
416 2256 809 2396 Episcopatnur
848 2265 1162 2366 traheretur
1190 2262 1394 2365 invitus
1424 2294 1433 2362 :
1458 2262 1513 2362 in
1549 2264 1794 2365 oratione

117 2395 374 2530 spiritum
407 2399 520 2506 Deo
543 2403 804 2509 reddidit.

519 2693 763 2837 Septimo
792 2702 918 2805 ldns
937 2700 1184 2805 ianuarii
1209 2733 1219 2803 :
1244 2700 1400 2805 Luna
1743 2707 1796 2811 G
1823 2732 1931 2798 xxiv

121 2973 1778 3123 ahodeighiklrnnpqrstu

118 3131 1779 3226 89l011121314151617lssltttosltttsstltsto

117 3250 1793 3366 Ancollvvuttvlvv

112 3405 1782 3500 tttsststoltattltov

232 3580 393 3653 ntlno
435 3556 586 3688 pueri
633 3556 750 3661 insu
784 3557 853 3660 de
880 3555 1140 3697 'AEgypto
1172 3557 1381 3663 Eodem
1421 3557 1549 3660 die:
1600 3557 1792 3662 natalis
1818 3584 1877 3651 nn
1897 3592 1930 3657 r.

127 3783 132 3795 .
241 3694 383 3794 beati
430 3696 656 3802 Luciam
703 3702 1068 3806 Antiochense
1092 3703 1352 3808 Ecclesiae
1387 3703 1711 3839 Presbyteri,
1742 3721 1794 3805 et

123 3835 390 3975 Martyris.
414 3837 523 3961 Qui
551 3846 677 3946 satis
706 3848 881 3948 clarus
917 3846 1166 3951 doctrina
1204 3867 1258 3951 et
1296 3850 1626 3980 eloquentia
1665 3882 1788 3985 pas-

119 4014 211 4085 sus
236 3999 314 4082 est
352 3980 686 4091 Nicomediae
710 3991 783 4093 ob
808 3987 1009 4093 Christi
1045 3990 1436 4096 consessionem
1461 3991 1517 4090 in
1541 4025 1790 4129 persecu·

121 4125 271 4230 tidne
300 4123 500 4231 Galerii
526 4130 841 4236 Maximiani
867 4136 1252 4272 ;sepnltrisque
1272 4153 1348 4237 est
1368 4131 1689 4272 Helenopoli
1729 4138 1784 4238 in
1910 4148 1949 4225 -'

118 4265 413 4407 Bithynia:
442 4274 599 4410 cujus
629 4277 816 4383 laudes
853 4298 1073 4382 sanctus
1102 4279 1340 4381 loannes
1366 4279 1787 4405 (lhrysdstomus

120 4413 432 4517 celebravit.
474 4414 784 4526 Antiochiae
811 4454 821 4524 ε
850 4424 1023 4524 saneti
1070 4423 1208 4526 Cleri
1257 4420 1639 4544 Diaconi.Qui
1687 4457 1801 4569 pro⁸

119 4555 472 4661 confessionis
492 4563 657 4691 gloria
679 4567 876 4702 septies
896 4583 1090 4688 tortus,
1119 4600 1182 4670 ac
1214 4566 1308 4668 din
1350 4568 1648 4669 incarcere
1678 4602 1786 4668 ma·

119 4703 332 4803 ceratus
356 4701 449 4802 :ad
476 4706 731 4809 ultimum
751 4708 1404 4851 decollatusmartyrinui
1435 4713 1788 4813 consumma-

120 4845 210 4945 vit.
237 4843 289 4944 ln
314 4845 528 4951 civitate
550 4848 807 4955 Heraclea
831 4886 841 4954 :
867 4856 1183 4957 sanctornm
1208 4857 1338 4956 mart
1345 4889 1510 4995 yrum
1531 4853 1572 4954 F
1575 4855 1720 4957 elicis
1734 4874 1785 4958 et

117 4985 378 5089 ianuarii.
457 4990 652 5096 Eodem
712 4995 800 5098 die
850 5027 859 5096 :
904 5001 1077 5101 sancti
1132 4999 1336 5102 iuliani
1400 4999 1668 5138 martyris.
1731 5005 1781 5101 ln

120 5127 318 5234 Dacia:
347 5136 518 5237 sancti
559 5137 762 5243 Nicetae
794 5139 1069 5280 Episcopi,
1112 5144 1209 5277 qui
1246 5143 1396 5260 feras,
1439 5162 1491 5245 et
1530 5143 1786 5246 barbaras

117 5293 304 5408 gentes
333 5273 609 5416 Evangelii
638 5283 1029 5420 praedicatidne
1067 5289 1226 5388 mites
1265 5285 1523 5405 re‘ddidit,
1553 5321 1615 5390 ac
1635 5322 1787 5389 man-

116 5423 313 5521 suetas.
