<?xml version="1.0" encoding="UTF-8"?>
<!DOCTYPE html PUBLIC "-//W3C//DTD XHTML 1.0 Transitional//EN"
    "http://www.w3.org/TR/xhtml1/DTD/xhtml1-transitional.dtd">
<html xmlns="http://www.w3.org/1999/xhtml" xml:lang="en" lang="en">
 <head>
  <title>
</title>
<meta http-equiv="Content-Type" content="text/html;charset=utf-8" />
  <meta name='ocr-system' content='tesseract 3.04.00' />
  <meta name='ocr-capabilities' content='ocr_page ocr_carea ocr_par ocr_line ocrx_word'/>
</head>
<body>
  <div class='ocr_page' id='page_1' title='image "./martyrologiumsa00domigoog_0167.png"; bbox 0 0 3990 6082; ppageno 0'>
   <div class='ocr_carea' id='block_1_1' title="bbox 160 298 1119 413">
    <p class='ocr_par' dir='ltr' id='par_1_1' title="bbox 160 298 1119 413">
     <span class='ocr_line' id='line_1_1' title="bbox 160 298 1119 413; baseline -0.013 0"><span class='ocrx_word' id='word_1_1' title='bbox 160 306 264 413; x_wconf 69' lang='lat' dir='ltr'>tat</span> <span class='ocrx_word' id='word_1_2' title='bbox 861 298 1119 401; x_wconf 69' lang='lat' dir='ltr'>,tutius</span> 
     </span>
    </p>
   </div>
   <div class='ocr_carea' id='block_1_2' title="bbox 154 504 1807 2656">
    <p class='ocr_par' dir='ltr' id='par_1_2' title="bbox 154 504 1807 2656">
     <span class='ocr_line' id='line_1_2' title="bbox 157 504 1794 640; baseline -0.004 -20"><span class='ocrx_word' id='word_1_3' title='bbox 157 512 489 620; x_wconf 72' lang='lat' dir='ltr'>Salvatrlrem</span> <span class='ocrx_word' id='word_1_4' title='bbox 509 548 540 615; x_wconf 89' lang='lat' dir='ltr'>a</span> <span class='ocrx_word' id='word_1_5' title='bbox 559 506 792 614; x_wconf 79' lang='lat' dir='ltr'>mortuis</span> <span class='ocrx_word' id='word_1_6' title='bbox 814 506 1186 631; x_wconf 77' lang='lat' dir='ltr'>resurgentem</span> <span class='ocrx_word' id='word_1_7' title='bbox 1209 505 1386 640; x_wconf 89' lang='lat' dir='ltr'>prima</span> <span class='ocrx_word' id='word_1_8' title='bbox 1407 504 1592 611; x_wconf 74' lang='lat' dir='ltr'>videre</span> <span class='ocrx_word' id='word_1_9' title='bbox 1613 512 1794 615; x_wconf 88' lang='lat' dir='ltr'>me&#39;ruit</span> 
     </span>
     <span class='ocr_line' id='line_1_3' title="bbox 161 647 1795 794; baseline -0.008 -27"><span class='ocrx_word' id='word_1_10' title='bbox 161 666 372 767; x_wconf 73' lang='lat' dir='ltr'>l&#39;cstum</span> <span class='ocrx_word' id='word_1_11' title='bbox 421 683 594 763; x_wconf 88' lang='lat' dir='ltr'>totum</span> <span class='ocrx_word' id='word_1_12' title='bbox 643 657 869 794; x_wconf 74' lang='lat' dir='ltr'>lluplcx.</span> <span class='ocrx_word' id='word_1_13' title='bbox 920 647 1220 783; x_wconf 73' lang='lat' dir='ltr'>Philippis:</span> <span class='ocrx_word' id='word_1_14' title='bbox 1262 667 1465 753; x_wconf 74' lang='lat' dir='ltr'>sanctos</span> <span class='ocrx_word' id='word_1_15' title='bbox 1502 648 1795 793; x_wconf 85' lang='lat' dir='ltr'>Syntyches,</span> 
     </span>
     <span class='ocr_line' id='line_1_4' title="bbox 158 789 1800 938; baseline -0.006 -30"><span class='ocrx_word' id='word_1_16' title='bbox 158 803 316 938; x_wconf 89' lang='lat' dir='ltr'>cnjus</span> <span class='ocrx_word' id='word_1_17' title='bbox 340 801 534 905; x_wconf 78' lang='lat' dir='ltr'>beatus</span> <span class='ocrx_word' id='word_1_18' title='bbox 558 798 754 900; x_wconf 85' lang='lat' dir='ltr'>Paulus</span> <span class='ocrx_word' id='word_1_19' title='bbox 777 789 1068 928; x_wconf 82' lang='lat' dir='ltr'>Apostolus</span> <span class='ocrx_word' id='word_1_20' title='bbox 1096 791 1363 894; x_wconf 79' lang='lat' dir='ltr'>meminit.</span> <span class='ocrx_word' id='word_1_21' title='bbox 1393 802 1629 935; x_wconf 83' lang='lat' dir='ltr'>Ancyrae</span> <span class='ocrx_word' id='word_1_22' title='bbox 1648 799 1700 899; x_wconf 94' lang='lat' dir='ltr'>in</span> <span class='ocrx_word' id='word_1_23' title='bbox 1721 796 1800 901; x_wconf 85' lang='lat' dir='ltr'>Ga·</span> 
     </span>
     <span class='ocr_line' id='line_1_5' title="bbox 157 932 1801 1081; baseline -0.004 -32"><span class='ocrx_word' id='word_1_24' title='bbox 157 943 497 1050; x_wconf 78' lang='lat' dir='ltr'>latiatnata&#39;lis</span> <span class='ocrx_word' id='word_1_25' title='bbox 521 942 691 1045; x_wconf 88' lang='lat' dir='ltr'>sancti</span> <span class='ocrx_word' id='word_1_26' title='bbox 721 935 954 1039; x_wconf 80' lang='lat' dir='ltr'>Platonis</span> <span class='ocrx_word' id='word_1_27' title='bbox 976 934 1243 1071; x_wconf 75' lang='lat' dir='ltr'>uuirtyris.</span> <span class='ocrx_word' id='word_1_28' title='bbox 1268 932 1378 1056; x_wconf 84' lang='lat' dir='ltr'>Qui</span> <span class='ocrx_word' id='word_1_29' title='bbox 1399 938 1505 1039; x_wconf 88' lang='lat' dir='ltr'>sub</span> <span class='ocrx_word' id='word_1_30' title='bbox 1526 937 1801 1081; x_wconf 84' lang='lat' dir='ltr'>Agrippino</span> 
     </span>
     <span class='ocr_line' id='line_1_6' title="bbox 154 1076 1802 1223; baseline -0.004 -29"><span class='ocrx_word' id='word_1_31' title='bbox 154 1091 358 1194; x_wconf 76' lang='lat' dir='ltr'>vicario</span> <span class='ocrx_word' id='word_1_32' title='bbox 387 1086 705 1191; x_wconf 71' lang='lat' dir='ltr'>verberibus</span> <span class='ocrx_word' id='word_1_33' title='bbox 727 1113 915 1194; x_wconf 65' lang='lat' dir='ltr'>cresus,</span> <span class='ocrx_word' id='word_1_34' title='bbox 942 1079 1096 1179; x_wconf 89' lang='lat' dir='ltr'>nucis</span> <span class='ocrx_word' id='word_1_35' title='bbox 1124 1076 1307 1179; x_wconf 76' lang='lat' dir='ltr'>ferreis</span> <span class='ocrx_word' id='word_1_36' title='bbox 1334 1081 1586 1198; x_wconf 80' lang='lat' dir='ltr'>laniatus,</span> <span class='ocrx_word' id='word_1_37' title='bbox 1607 1080 1802 1223; x_wconf 89' lang='lat' dir='ltr'>aliisque</span> 
     </span>
     <span class='ocr_line' id='line_1_7' title="bbox 157 1221 1802 1357; baseline -0.005 -19"><span class='ocrx_word' id='word_1_38' title='bbox 157 1233 557 1338; x_wconf 82' lang='lat' dir='ltr'>immanissimis</span> <span class='ocrx_word' id='word_1_39' title='bbox 599 1227 997 1329; x_wconf 83' lang='lat' dir='ltr'>tormentorum</span> <span class='ocrx_word' id='word_1_40' title='bbox 1041 1221 1333 1357; x_wconf 80' lang='lat' dir='ltr'>generibus</span> <span class='ocrx_word' id='word_1_41' title='bbox 1373 1226 1693 1348; x_wconf 80' lang='lat' dir='ltr'>cruciatus;</span> <span class='ocrx_word' id='word_1_42' title='bbox 1730 1229 1802 1331; x_wconf 86' lang='lat' dir='ltr'>‹le-</span> 
     </span>
     <span class='ocr_line' id='line_1_8' title="bbox 158 1363 1798 1507; baseline -0.004 -27"><span class='ocrx_word' id='word_1_43' title='bbox 158 1414 312 1480; x_wconf 92' lang='lat' dir='ltr'>mum</span> <span class='ocrx_word' id='word_1_44' title='bbox 340 1376 573 1478; x_wconf 83' lang='lat' dir='ltr'>abscisso</span> <span class='ocrx_word' id='word_1_45' title='bbox 601 1373 795 1507; x_wconf 77' lang='lat' dir='ltr'>capite,</span> <span class='ocrx_word' id='word_1_46' title='bbox 827 1369 1080 1467; x_wconf 85' lang='lat' dir='ltr'>invictam</span> <span class='ocrx_word' id='word_1_47' title='bbox 1110 1363 1352 1467; x_wconf 80' lang='lat' dir='ltr'>animam</span> <span class='ocrx_word' id='word_1_48' title='bbox 1397 1368 1506 1472; x_wconf 86' lang='lat' dir='ltr'>Deo</span> <span class='ocrx_word' id='word_1_49' title='bbox 1546 1370 1798 1473; x_wconf 76' lang='lat' dir='ltr'>reddidit:</span> 
     </span>
     <span class='ocr_line' id='line_1_9' title="bbox 158 1507 1801 1656; baseline -0.007 -30"><span class='ocrx_word' id='word_1_50' title='bbox 158 1523 317 1656; x_wconf 88' lang='lat' dir='ltr'>cnjus</span> <span class='ocrx_word' id='word_1_51' title='bbox 343 1519 605 1620; x_wconf 78' lang='lat' dir='ltr'>miracula</span> <span class='ocrx_word' id='word_1_52' title='bbox 638 1519 690 1615; x_wconf 91' lang='lat' dir='ltr'>in</span> <span class='ocrx_word' id='word_1_53' title='bbox 720 1507 1110 1613; x_wconf 78' lang='lat' dir='ltr'>subveniendis</span> <span class='ocrx_word' id='word_1_54' title='bbox 1137 1511 1380 1644; x_wconf 73' lang='lat' dir='ltr'>captivis</span> <span class='ocrx_word' id='word_1_55' title='bbox 1411 1510 1549 1617; x_wconf 86' lang='lat' dir='ltr'>Acta</span> <span class='ocrx_word' id='word_1_56' title='bbox 1576 1513 1801 1619; x_wconf 82' lang='lat' dir='ltr'>secunda</span> 
     </span>
     <span class='ocr_line' id='line_1_10' title="bbox 157 1649 1798 1805; baseline -0.005 -39"><span class='ocrx_word' id='word_1_57' title='bbox 157 1662 364 1805; x_wconf 81' lang='lat' dir='ltr'>Synodi</span> <span class='ocrx_word' id='word_1_58' title='bbox 394 1662 617 1764; x_wconf 75' lang='lat' dir='ltr'>Nicenae</span> <span class='ocrx_word' id='word_1_59' title='bbox 659 1658 941 1758; x_wconf 80' lang='lat' dir='ltr'>testantur.</span> <span class='ocrx_word' id='word_1_60' title='bbox 983 1662 1033 1779; x_wconf 87' lang='lat' dir='ltr'>lu</span> <span class='ocrx_word' id='word_1_61' title='bbox 1077 1649 1263 1791; x_wconf 85' lang='lat' dir='ltr'>Cypro</span> <span class='ocrx_word' id='word_1_62' title='bbox 1292 1686 1301 1754; x_wconf 92' lang='lat'><strong>:</strong></span> <span class='ocrx_word' id='word_1_63' title='bbox 1332 1658 1503 1758; x_wconf 89' lang='lat' dir='ltr'>sancti</span> <span class='ocrx_word' id='word_1_64' title='bbox 1532 1654 1798 1797; x_wconf 82' lang='lat' dir='ltr'>Theophili</span> 
     </span>
     <span class='ocr_line' id='line_1_11' title="bbox 159 1798 1805 1948; baseline -0.005 -39"><span class='ocrx_word' id='word_1_65' title='bbox 159 1806 420 1948; x_wconf 70' lang='lat' dir='ltr'>praetoris.</span> <span class='ocrx_word' id='word_1_66' title='bbox 451 1802 560 1925; x_wconf 90' lang='lat' dir='ltr'>Qui</span> <span class='ocrx_word' id='word_1_67' title='bbox 588 1804 658 1904; x_wconf 76' lang='lat' dir='ltr'>al&gt;</span> <span class='ocrx_word' id='word_1_68' title='bbox 687 1798 962 1901; x_wconf 79' lang='lat' dir='ltr'>Arabilms</span> <span class='ocrx_word' id='word_1_69' title='bbox 1004 1814 1204 1913; x_wconf 84' lang='lat' dir='ltr'>tentus,</span> <span class='ocrx_word' id='word_1_70' title='bbox 1235 1828 1360 1897; x_wconf 89' lang='lat' dir='ltr'>cum</span> <span class='ocrx_word' id='word_1_71' title='bbox 1405 1834 1504 1903; x_wconf 85' lang='lat' dir='ltr'>uec</span> <span class='ocrx_word' id='word_1_72' title='bbox 1530 1798 1706 1921; x_wconf 90' lang='lat' dir='ltr'>donis,</span> <span class='ocrx_word' id='word_1_73' title='bbox 1728 1832 1805 1903; x_wconf 85' lang='lat' dir='ltr'>nec</span> 
     </span>
     <span class='ocr_line' id='line_1_12' title="bbox 159 1938 1807 2084; baseline -0.006 -31"><span class='ocrx_word' id='word_1_74' title='bbox 159 1953 320 2053; x_wconf 89' lang='lat' dir='ltr'>minis</span> <span class='ocrx_word' id='word_1_75' title='bbox 358 1950 502 2052; x_wconf 86' lang='lat' dir='ltr'>ilecti</span> <span class='ocrx_word' id='word_1_76' title='bbox 536 1962 731 2084; x_wconf 83' lang='lat' dir='ltr'>posset,</span> <span class='ocrx_word' id='word_1_77' title='bbox 770 1962 830 2042; x_wconf 93' lang='lat' dir='ltr'>ut</span> <span class='ocrx_word' id='word_1_78' title='bbox 856 1938 1136 2042; x_wconf 77' lang='lat' dir='ltr'>Christum</span> <span class='ocrx_word' id='word_1_79' title='bbox 1169 1940 1426 2075; x_wconf 75' lang='lat' dir='ltr'>negaret:</span> <span class='ocrx_word' id='word_1_80' title='bbox 1454 1943 1807 2079; x_wconf 75' lang='lat' dir='ltr'>gladiocaesns</span> 
     </span>
     <span class='ocr_line' id='line_1_13' title="bbox 157 2080 1803 2222; baseline -0.008 -24"><span class='ocrx_word' id='word_1_81' title='bbox 157 2114 252 2198; x_wconf 87' lang='lat' dir='ltr'>est.</span> <span class='ocrx_word' id='word_1_82' title='bbox 290 2092 626 2202; x_wconf 69' lang='lat' dir='ltr'>Antiochiae:</span> <span class='ocrx_word' id='word_1_83' title='bbox 651 2087 821 2189; x_wconf 87' lang='lat' dir='ltr'>sancti</span> <span class='ocrx_word' id='word_1_84' title='bbox 851 2082 1031 2222; x_wconf 84' lang='lat' dir='ltr'>Cyrilli</span> <span class='ocrx_word' id='word_1_85' title='bbox 1059 2080 1332 2219; x_wconf 78' lang='lat' dir='ltr'>Episcopi,</span> <span class='ocrx_word' id='word_1_86' title='bbox 1356 2083 1607 2189; x_wconf 81' lang='lat' dir='ltr'>doctriua</span> <span class='ocrx_word' id='word_1_87' title='bbox 1634 2108 1685 2191; x_wconf 89' lang='lat' dir='ltr'>et</span> <span class='ocrx_word' id='word_1_88' title='bbox 1708 2120 1803 2190; x_wconf 90' lang='lat' dir='ltr'>san·</span> 
     </span>
     <span class='ocr_line' id='line_1_14' title="bbox 158 2226 1801 2373; baseline -0.007 -32"><span class='ocrx_word' id='word_1_89' title='bbox 158 2239 344 2341; x_wconf 73' lang='lat' dir='ltr'>ctitaite</span> <span class='ocrx_word' id='word_1_90' title='bbox 366 2234 665 2373; x_wconf 80' lang='lat' dir='ltr'>conspicui.</span> <span class='ocrx_word' id='word_1_91' title='bbox 697 2243 748 2339; x_wconf 90' lang='lat' dir='ltr'>ln</span> <span class='ocrx_word' id='word_1_92' title='bbox 774 2226 1061 2329; x_wconf 83' lang='lat' dir='ltr'>Blamliuio</span> <span class='ocrx_word' id='word_1_93' title='bbox 1086 2228 1434 2331; x_wconf 81' lang='lat' dir='ltr'>monasterio:</span> <span class='ocrx_word' id='word_1_94' title='bbox 1457 2236 1631 2334; x_wconf 88' lang='lat' dir='ltr'>sancti</span> <span class='ocrx_word' id='word_1_95' title='bbox 1652 2228 1801 2333; x_wconf 89' lang='lat' dir='ltr'>Wan-</span> 
     </span>
     <span class='ocr_line' id='line_1_15' title="bbox 157 2370 1799 2515; baseline -0.003 -34"><span class='ocrx_word' id='word_1_96' title='bbox 157 2382 391 2515; x_wconf 82' lang='lat' dir='ltr'>‹lregisili</span> <span class='ocrx_word' id='word_1_97' title='bbox 435 2378 677 2491; x_wconf 78' lang='lat' dir='ltr'>Abbatis,</span> <span class='ocrx_word' id='word_1_98' title='bbox 717 2373 988 2473; x_wconf 73' lang='lat' dir='ltr'>miraculis</span> <span class='ocrx_word' id='word_1_99' title='bbox 1016 2370 1159 2471; x_wconf 85' lang='lat' dir='ltr'>clari.</span> <span class='ocrx_word' id='word_1_100' title='bbox 1204 2372 1522 2513; x_wconf 63' lang='lat' dir='ltr'>scythopoli</span> <span class='ocrx_word' id='word_1_101' title='bbox 1564 2376 1622 2477; x_wconf 95' lang='lat' dir='ltr'>in</span> <span class='ocrx_word' id='word_1_102' title='bbox 1666 2374 1799 2477; x_wconf 81' lang='lat' dir='ltr'>Pala-</span> 
     </span>
     <span class='ocr_line' id='line_1_16' title="bbox 157 2516 1019 2656; baseline -0.017 -27"><span class='ocrx_word' id='word_1_103' title='bbox 157 2529 330 2629; x_wconf 87' lang='lat' dir='ltr'>stina:</span> <span class='ocrx_word' id='word_1_104' title='bbox 361 2524 531 2633; x_wconf 85' lang='lat' dir='ltr'>sancti</span> <span class='ocrx_word' id='word_1_105' title='bbox 560 2518 762 2656; x_wconf 87' lang='lat' dir='ltr'>loseph</span> <span class='ocrx_word' id='word_1_106' title='bbox 792 2516 1019 2617; x_wconf 79' lang='lat' dir='ltr'>uiruitis.</span> 
     </span>
    </p>
   </div>
   <div class='ocr_carea' id='block_1_3' title="bbox 102 2673 1796 3201">
    <p class='ocr_par' dir='ltr' id='par_1_3' title="bbox 102 2673 1796 3201">
     <span class='ocr_line' id='line_1_17' title="bbox 102 2673 1508 2820; baseline -0.011 -30"><span class='ocrx_word' id='word_1_107' title='bbox 102 2685 209 2820; x_wconf 64' lang='grc' dir='ltr'>ΝΑ</span> <span class='ocrx_word' id='word_1_108' title='bbox 490 2681 709 2794; x_wconf 72' lang='lat' dir='ltr'>llccimo</span> <span class='ocrx_word' id='word_1_109' title='bbox 751 2673 1016 2778; x_wconf 76' lang='lat' dir='ltr'>llalentlas</span> <span class='ocrx_word' id='word_1_110' title='bbox 1056 2674 1321 2803; x_wconf 75' lang='lat' dir='ltr'>Augusti:</span> <span class='ocrx_word' id='word_1_111' title='bbox 1353 2674 1508 2776; x_wconf 89' lang='lat' dir='ltr'>Luna</span> 
     </span>
     <span class='ocr_line' id='line_1_18' title="bbox 156 2850 1785 2958; baseline -0.012 0"><span class='ocrx_word' id='word_1_112' title='bbox 156 2850 1245 2958; x_wconf 71' lang='lat' dir='ltr'>at&gt;‹·:‹tot&#39;o·niktmn</span> <span class='ocrx_word' id='word_1_113' title='bbox 1515 2866 1785 2947; x_wconf 85' lang='lat' dir='ltr'>rstu</span> 
     </span>
     <span class='ocr_line' id='line_1_19' title="bbox 158 2882 1795 3062; baseline -0.012 0"><span class='ocrx_word' id='word_1_114' title='bbox 158 2982 204 3062; x_wconf 79' lang='grc'>18</span> <span class='ocrx_word' id='word_1_115' title='bbox 255 2982 303 3060; x_wconf 73' lang='grc'>19</span> <span class='ocrx_word' id='word_1_116' title='bbox 355 2982 403 3055; x_wconf 75' lang='grc'>30</span> <span class='ocrx_word' id='word_1_117' title='bbox 456 2981 474 3054; x_wconf 99' lang='grc'>1</span> <span class='ocrx_word' id='word_1_118' title='bbox 540 2977 561 3054; x_wconf 88' lang='grc'>1</span> <span class='ocrx_word' id='word_1_119' title='bbox 614 2980 636 3051; x_wconf 77' lang='lat'><strong>3</strong></span> <span class='ocrx_word' id='word_1_120' title='bbox 706 2936 736 3050; x_wconf 59' lang='grc'>1</span> <span class='ocrx_word' id='word_1_121' title='bbox 781 2976 803 3051; x_wconf 76' lang='grc' dir='ltr'><em>ὃ</em></span> <span class='ocrx_word' id='word_1_122' title='bbox 876 2976 897 3053; x_wconf 79' lang='grc'>6</span> <span class='ocrx_word' id='word_1_123' title='bbox 952 2977 972 3050; x_wconf 81' lang='lat' dir='ltr'>i</span> <span class='ocrx_word' id='word_1_124' title='bbox 1028 2978 1049 3047; x_wconf 76' lang='grc'>8</span> <span class='ocrx_word' id='word_1_125' title='bbox 1102 2976 1123 3051; x_wconf 76' lang='grc'><strong>9</strong></span> <span class='ocrx_word' id='word_1_126' title='bbox 1199 2979 1245 3053; x_wconf 82' lang='grc'>10</span> <span class='ocrx_word' id='word_1_127' title='bbox 1302 2882 1348 3050; x_wconf 68' lang='lat' dir='ltr'>ii</span> <span class='ocrx_word' id='word_1_128' title='bbox 1397 2884 1445 3051; x_wconf 68' lang='lat' dir='ltr'>&#39;Cl</span> <span class='ocrx_word' id='word_1_129' title='bbox 1505 2974 1552 3052; x_wconf 88' lang='grc'>13</span> <span class='ocrx_word' id='word_1_130' title='bbox 1605 2976 1651 3052; x_wconf 83' lang='grc'>11</span> <span class='ocrx_word' id='word_1_131' title='bbox 1685 2974 1724 3051; x_wconf 71' lang='lat' dir='ltr'>li</span> <span class='ocrx_word' id='word_1_132' title='bbox 1760 2968 1795 3045; x_wconf 78' lang='grc'>11</span> 
     </span>
     <span class='ocr_line' id='line_1_20' title="bbox 161 3079 1796 3201; baseline -0.012 0"><span class='ocrx_word' id='word_1_133' title='bbox 161 3104 205 3201; x_wconf 84' lang='grc' dir='ltr'>Α</span> <span class='ocrx_word' id='word_1_134' title='bbox 323 3102 356 3196; x_wconf 75' lang='lat' dir='ltr'>ll</span> <span class='ocrx_word' id='word_1_135' title='bbox 452 3095 494 3199; x_wconf 86' lang='lat' dir='ltr'>C</span> <span class='ocrx_word' id='word_1_136' title='bbox 611 3096 651 3194; x_wconf 80' lang='lat' dir='ltr'>ll</span> <span class='ocrx_word' id='word_1_137' title='bbox 758 3093 796 3192; x_wconf 83' lang='lat' dir='ltr'>l]</span> <span class='ocrx_word' id='word_1_138' title='bbox 915 3079 955 3180; x_wconf 83' lang='lat' dir='ltr'>F</span> <span class='ocrx_word' id='word_1_139' title='bbox 1051 3091 1084 3189; x_wconf 79' lang='lat' dir='ltr'>p</span> <span class='ocrx_word' id='word_1_140' title='bbox 1183 3092 1233 3192; x_wconf 85' lang='lat' dir='ltr'>C</span> <span class='ocrx_word' id='word_1_141' title='bbox 1331 3090 1372 3189; x_wconf 97' lang='lat' dir='ltr'>ll</span> <span class='ocrx_word' id='word_1_142' title='bbox 1488 3088 1541 3190; x_wconf 77' lang='lat' dir='ltr'>ll</span> <span class='ocrx_word' id='word_1_143' title='bbox 1635 3090 1671 3191; x_wconf 84' lang='lat' dir='ltr'>N</span> <span class='ocrx_word' id='word_1_144' title='bbox 1770 3084 1796 3181; x_wconf 83' lang='lat' dir='ltr'>l&#39;</span> 
     </span>
    </p>
   </div>
   <div class='ocr_carea' id='block_1_4' title="bbox 10 3204 1844 5501">
    <p class='ocr_par' dir='ltr' id='par_1_4' title="bbox 10 3204 1844 5501">
     <span class='ocr_line' id='line_1_21' title="bbox 161 3204 1795 3302; baseline -0.012 0"><span class='ocrx_word' id='word_1_145' title='bbox 161 3226 204 3302; x_wconf 82' lang='lat' dir='ltr'>ll</span> <span class='ocrx_word' id='word_1_146' title='bbox 307 3224 353 3301; x_wconf 84' lang='lat' dir='ltr'>l8</span> <span class='ocrx_word' id='word_1_147' title='bbox 455 3221 502 3299; x_wconf 87' lang='grc'>19</span> <span class='ocrx_word' id='word_1_148' title='bbox 602 3218 651 3294; x_wconf 83' lang='grc'>10</span> <span class='ocrx_word' id='word_1_149' title='bbox 749 3217 791 3293; x_wconf 91' lang='grc'>11</span> <span class='ocrx_word' id='word_1_150' title='bbox 898 3218 946 3294; x_wconf 88' lang='grc'>11</span> <span class='ocrx_word' id='word_1_151' title='bbox 1044 3216 1092 3292; x_wconf 89' lang='grc'>11</span> <span class='ocrx_word' id='word_1_152' title='bbox 1192 3217 1241 3293; x_wconf 74' lang='grc'>13</span> <span class='ocrx_word' id='word_1_153' title='bbox 1337 3216 1386 3293; x_wconf 85' lang='grc'>11</span> <span class='ocrx_word' id='word_1_154' title='bbox 1485 3216 1534 3293; x_wconf 76' lang='grc'>15</span> <span class='ocrx_word' id='word_1_155' title='bbox 1634 3217 1681 3295; x_wconf 79' lang='grc'>16</span> <span class='ocrx_word' id='word_1_156' title='bbox 1759 3204 1795 3287; x_wconf 84' lang='grc'>11</span> 
     </span>
     <span class='ocr_line' id='line_1_22' title="bbox 10 3342 1798 3594; baseline -0.011 -141"><span class='ocrx_word' id='word_1_157' title='bbox 10 3404 68 3469; x_wconf 69' lang='grc'>111,</span> <span class='ocrx_word' id='word_1_158' title='bbox 91 3408 144 3469; x_wconf 69' lang='grc'>11,</span> <span class='ocrx_word' id='word_1_159' title='bbox 164 3372 525 3594; x_wconf 79' lang='lat' dir='ltr'>Uunsvuram</span> <span class='ocrx_word' id='word_1_160' title='bbox 554 3349 606 3446; x_wconf 90' lang='lat' dir='ltr'>iu</span> <span class='ocrx_word' id='word_1_161' title='bbox 638 3344 889 3447; x_wconf 77' lang='lat' dir='ltr'>lltruria:</span> <span class='ocrx_word' id='word_1_162' title='bbox 923 3346 1093 3446; x_wconf 68' lang='lat' dir='ltr'>heatae</span> <span class='ocrx_word' id='word_1_163' title='bbox 1118 3345 1364 3459; x_wconf 72' lang='lat' dir='ltr'>lmimuc,</span> <span class='ocrx_word' id='word_1_164' title='bbox 1413 3346 1573 3475; x_wconf 77' lang='lat' dir='ltr'>vulgo</span> <span class='ocrx_word' id='word_1_165' title='bbox 1615 3342 1798 3447; x_wconf 74' lang='lat' dir='ltr'>Vannu‘</span> 
     </span>
     <span class='ocr_line' id='line_1_23' title="bbox 309 3484 1796 3631; baseline -0.002 -38"><span class='ocrx_word' id='word_1_166' title='bbox 309 3491 611 3631; x_wconf 69' lang='lat' dir='ltr'>appellitae,</span> <span class='ocrx_word' id='word_1_167' title='bbox 652 3489 873 3622; x_wconf 79' lang='lat' dir='ltr'>virginis</span> <span class='ocrx_word' id='word_1_168' title='bbox 902 3486 948 3586; x_wconf 87' lang='lat' dir='ltr'>T</span> <span class='ocrx_word' id='word_1_169' title='bbox 952 3488 1071 3589; x_wconf 88' lang='lat' dir='ltr'>c&#39;rtii</span> <span class='ocrx_word' id='word_1_170' title='bbox 1120 3484 1344 3588; x_wconf 80' lang='lat' dir='ltr'>Ordinis</span> <span class='ocrx_word' id='word_1_171' title='bbox 1372 3486 1796 3591; x_wconf 73' lang='lat' dir='ltr'>Praecticautum,</span> 
     </span>
     <span class='ocr_line' id='line_1_24' title="bbox 160 3629 1801 3770; baseline -0.011 -30"><span class='ocrx_word' id='word_1_172' title='bbox 160 3634 419 3770; x_wconf 79' lang='lat' dir='ltr'>singulari</span> <span class='ocrx_word' id='word_1_173' title='bbox 441 3666 656 3733; x_wconf 91' lang='lat' dir='ltr'>morum</span> <span class='ocrx_word' id='word_1_174' title='bbox 688 3633 1017 3745; x_wconf 78' lang='lat' dir='ltr'>innocentia,</span> <span class='ocrx_word' id='word_1_175' title='bbox 1042 3664 1222 3733; x_wconf 88' lang='lat' dir='ltr'>rerum</span> <span class='ocrx_word' id='word_1_176' title='bbox 1245 3629 1556 3733; x_wconf 80' lang='lat' dir='ltr'>divinarum</span> <span class='ocrx_word' id='word_1_177' title='bbox 1581 3642 1801 3734; x_wconf 63' lang='lat' dir='ltr'>contem&gt;</span> 
     </span>
     <span class='ocr_line' id='line_1_25' title="bbox 161 3773 1804 3920; baseline -0.007 -37"><span class='ocrx_word' id='word_1_178' title='bbox 161 3781 418 3920; x_wconf 73' lang='lat' dir='ltr'>plamone,</span> <span class='ocrx_word' id='word_1_179' title='bbox 441 3774 849 3911; x_wconf 73' lang='lat' dir='ltr'>caelestiumque</span> <span class='ocrx_word' id='word_1_180' title='bbox 875 3776 1265 3876; x_wconf 77' lang='lat' dir='ltr'>charismatum</span> <span class='ocrx_word' id='word_1_181' title='bbox 1292 3773 1449 3912; x_wconf 83' lang='lat' dir='ltr'>copia</span> <span class='ocrx_word' id='word_1_182' title='bbox 1477 3777 1710 3879; x_wconf 89' lang='lat' dir='ltr'>ilhistris.</span> <span class='ocrx_word' id='word_1_183' title='bbox 1734 3777 1804 3879; x_wconf 82' lang='grc'>11·</span> 
     </span>
     <span class='ocr_line' id='line_1_26' title="bbox 160 3900 1803 4068; baseline -0.015 -41"><span class='ocrx_word' id='word_1_184' title='bbox 160 3954 302 4033; x_wconf 84' lang='lat' dir='ltr'>stum</span> <span class='ocrx_word' id='word_1_185' title='bbox 345 3930 572 4068; x_wconf 71' lang='lat' dir='ltr'>lluplex,</span> <span class='ocrx_word' id='word_1_186' title='bbox 609 3920 804 4029; x_wconf 59' lang='lat' dir='ltr'>Natalis</span> <span class='ocrx_word' id='word_1_187' title='bbox 843 3920 1012 4020; x_wconf 77' lang='lat' dir='ltr'>sancii</span> <span class='ocrx_word' id='word_1_188' title='bbox 1053 3918 1376 4055; x_wconf 75' lang='lat' dir='ltr'>Apollinaris</span> <span class='ocrx_word' id='word_1_189' title='bbox 1416 3916 1690 4059; x_wconf 84' lang='lat' dir='ltr'>Episcopi.</span> <span class='ocrx_word' id='word_1_190' title='bbox 1719 3900 1803 4037; x_wconf 81' lang='lat' dir='ltr'>Qui</span> 
     </span>
     <span class='ocr_line' id='line_1_27' title="bbox 160 4058 1810 4202; baseline -0.007 -36"><span class='ocrx_word' id='word_1_191' title='bbox 160 4066 230 4167; x_wconf 87' lang='lat' dir='ltr'>ab</span> <span class='ocrx_word' id='word_1_192' title='bbox 258 4062 521 4202; x_wconf 82' lang='lat' dir='ltr'>Apostolo</span> <span class='ocrx_word' id='word_1_193' title='bbox 544 4063 701 4166; x_wconf 90' lang='lat' dir='ltr'>Petro</span> <span class='ocrx_word' id='word_1_194' title='bbox 727 4062 916 4163; x_wconf 81' lang='lat' dir='ltr'>Rouue</span> <span class='ocrx_word' id='word_1_195' title='bbox 941 4060 1247 4189; x_wconf 77' lang='lat' dir='ltr'>ordinatus,</span> <span class='ocrx_word' id='word_1_196' title='bbox 1276 4080 1329 4163; x_wconf 89' lang='lat' dir='ltr'>ct</span> <span class='ocrx_word' id='word_1_197' title='bbox 1355 4059 1672 4166; x_wconf 75' lang='lat' dir='ltr'>Ravermam</span> <span class='ocrx_word' id='word_1_198' title='bbox 1700 4058 1810 4161; x_wconf 88' lang='lat' dir='ltr'>mis·</span> 
     </span>
     <span class='ocr_line' id='line_1_28' title="bbox 159 4202 1819 4346; baseline -0.007 -35"><span class='ocrx_word' id='word_1_199' title='bbox 159 4241 282 4311; x_wconf 92' lang='lat' dir='ltr'>sus:</span> <span class='ocrx_word' id='word_1_200' title='bbox 308 4239 408 4346; x_wconf 93' lang='lat' dir='ltr'>pro</span> <span class='ocrx_word' id='word_1_201' title='bbox 430 4205 539 4308; x_wconf 86' lang='lat' dir='ltr'>lide</span> <span class='ocrx_word' id='word_1_202' title='bbox 565 4202 767 4306; x_wconf 81' lang='lat' dir='ltr'>Christi</span> <span class='ocrx_word' id='word_1_203' title='bbox 796 4205 1032 4309; x_wconf 79' lang='lat' dir='ltr'>diversas</span> <span class='ocrx_word' id='word_1_204' title='bbox 1059 4224 1112 4308; x_wconf 83' lang='lat' dir='ltr'>et</span> <span class='ocrx_word' id='word_1_205' title='bbox 1139 4205 1464 4342; x_wconf 88' lang='lat' dir='ltr'>multiplices</span> <span class='ocrx_word' id='word_1_206' title='bbox 1490 4240 1679 4345; x_wconf 89' lang='lat' dir='ltr'>poenas</span> <span class='ocrx_word' id='word_1_207' title='bbox 1705 4224 1819 4345; x_wconf 72' lang='lat' dir='ltr'>per‘</span> 
     </span>
     <span class='ocr_line' id='line_1_29' title="bbox 164 4346 1830 4491; baseline -0.005 -35"><span class='ocrx_word' id='word_1_208' title='bbox 164 4356 346 4491; x_wconf 80' lang='lat' dir='ltr'>pessus</span> <span class='ocrx_word' id='word_1_209' title='bbox 385 4368 481 4458; x_wconf 90' lang='lat' dir='ltr'>est.</span> <span class='ocrx_word' id='word_1_210' title='bbox 520 4349 707 4452; x_wconf 82' lang='lat' dir='ltr'>Postea</span> <span class='ocrx_word' id='word_1_211' title='bbox 746 4350 801 4449; x_wconf 94' lang='lat' dir='ltr'>in</span> <span class='ocrx_word' id='word_1_212' title='bbox 844 4348 1048 4450; x_wconf 82' lang='lat' dir='ltr'>AEmilia</span> <span class='ocrx_word' id='word_1_213' title='bbox 1096 4346 1453 4484; x_wconf 75' lang='lat' dir='ltr'>Evangelium</span> <span class='ocrx_word' id='word_1_214' title='bbox 1504 4351 1830 4491; x_wconf 72' lang='lat' dir='ltr'>praedicans·</span> 
     </span>
     <span class='ocr_line' id='line_1_30' title="bbox 162 4490 1839 4636; baseline -0.006 -39"><span class='ocrx_word' id='word_1_215' title='bbox 162 4497 424 4636; x_wconf 82' lang='lat' dir='ltr'>plririmos</span> <span class='ocrx_word' id='word_1_216' title='bbox 450 4494 521 4594; x_wconf 90' lang='lat' dir='ltr'>ab</span> <span class='ocrx_word' id='word_1_217' title='bbox 541 4491 816 4595; x_wconf 82' lang='lat' dir='ltr'>idolorum</span> <span class='ocrx_word' id='word_1_218' title='bbox 844 4494 994 4596; x_wconf 90' lang='lat' dir='ltr'>cultu</span> <span class='ocrx_word' id='word_1_219' title='bbox 1025 4493 1296 4595; x_wconf 74' lang='lat' dir='ltr'>revocavit</span> <span class='ocrx_word' id='word_1_220' title='bbox 1324 4524 1336 4611; x_wconf 90' lang='grc'><strong>;</strong></span> <span class='ocrx_word' id='word_1_221' title='bbox 1367 4490 1591 4599; x_wconf 89' lang='lat' dir='ltr'>tandem</span> <span class='ocrx_word' id='word_1_222' title='bbox 1617 4495 1839 4600; x_wconf 72' lang='lat' dir='ltr'>Raveu·</span> 
     </span>
     <span class='ocr_line' id='line_1_31' title="bbox 162 4633 1843 4778; baseline -0.001 -38"><span class='ocrx_word' id='word_1_223' title='bbox 162 4674 286 4740; x_wconf 87' lang='lat' dir='ltr'>nam</span> <span class='ocrx_word' id='word_1_224' title='bbox 307 4641 576 4741; x_wconf 78' lang='lat' dir='ltr'>reversus:</span> <span class='ocrx_word' id='word_1_225' title='bbox 600 4636 703 4736; x_wconf 88' lang='lat' dir='ltr'>sub</span> <span class='ocrx_word' id='word_1_226' title='bbox 725 4634 1061 4777; x_wconf 78' lang='lat' dir='ltr'>Vespasiano</span> <span class='ocrx_word' id='word_1_227' title='bbox 1084 4633 1292 4741; x_wconf 81' lang='lat' dir='ltr'>Caesare</span> <span class='ocrx_word' id='word_1_228' title='bbox 1312 4637 1608 4769; x_wconf 80' lang='lat' dir='ltr'>gloriosum</span> <span class='ocrx_word' id='word_1_229' title='bbox 1629 4648 1843 4778; x_wconf 74' lang='lat' dir='ltr'>marty‘</span> 
     </span>
     <span class='ocr_line' id='line_1_32' title="bbox 161 4778 1843 4917; baseline -0.002 -32"><span class='ocrx_word' id='word_1_230' title='bbox 161 4784 303 4885; x_wconf 93' lang='lat' dir='ltr'>rium</span> <span class='ocrx_word' id='word_1_231' title='bbox 343 4780 761 4884; x_wconf 78' lang='lat' dir='ltr'>consumrmivit.</span> <span class='ocrx_word' id='word_1_232' title='bbox 793 4790 1152 4893; x_wconf 53' lang='grc'>111111111111111</span> <span class='ocrx_word' id='word_1_233' title='bbox 1196 4778 1478 4917; x_wconf 74' lang='lat' dir='ltr'>Bulgairia:</span> <span class='ocrx_word' id='word_1_234' title='bbox 1512 4782 1843 4887; x_wconf 63' lang='lat' dir='ltr'>sanctorum·</span> 
     </span>
     <span class='ocr_line' id='line_1_33' title="bbox 160 4923 1843 5067; baseline 0 -39"><span class='ocrx_word' id='word_1_235' title='bbox 160 4926 525 5064; x_wconf 82' lang='lat' dir='ltr'>plurimorum</span> <span class='ocrx_word' id='word_1_236' title='bbox 554 4926 877 5063; x_wconf 83' lang='lat' dir='ltr'>rmirtyrum,</span> <span class='ocrx_word' id='word_1_237' title='bbox 906 4956 1046 5060; x_wconf 91' lang='lat' dir='ltr'>quos</span> <span class='ocrx_word' id='word_1_238' title='bbox 1068 4923 1414 5064; x_wconf 85' lang='lat' dir='ltr'>Nicephorus</span> <span class='ocrx_word' id='word_1_239' title='bbox 1439 4927 1643 5067; x_wconf 91' lang='lat' dir='ltr'>impius</span> <span class='ocrx_word' id='word_1_240' title='bbox 1661 4929 1843 5067; x_wconf 75' lang='lat' dir='ltr'>impe‘</span> 
     </span>
     <span class='ocr_line' id='line_1_34' title="bbox 161 5066 1843 5209; baseline 0.001 -40"><span class='ocrx_word' id='word_1_241' title='bbox 161 5071 306 5170; x_wconf 80' lang='lat' dir='ltr'>rator</span> <span class='ocrx_word' id='word_1_242' title='bbox 351 5068 613 5171; x_wconf 80' lang='lat' dir='ltr'>Ecclesias</span> <span class='ocrx_word' id='word_1_243' title='bbox 654 5066 748 5169; x_wconf 88' lang='lat' dir='ltr'>Dei</span> <span class='ocrx_word' id='word_1_244' title='bbox 790 5067 1092 5184; x_wconf 81' lang='lat' dir='ltr'>devastans,</span> <span class='ocrx_word' id='word_1_245' title='bbox 1137 5067 1350 5173; x_wconf 73' lang='lat' dir='ltr'>diverso</span> <span class='ocrx_word' id='word_1_246' title='bbox 1389 5073 1579 5175; x_wconf 89' lang='lat' dir='ltr'>mortis</span> <span class='ocrx_word' id='word_1_247' title='bbox 1618 5076 1843 5209; x_wconf 77' lang='lat' dir='ltr'>genere·</span> 
     </span>
     <span class='ocr_line' id='line_1_35' title="bbox 160 5210 1844 5347; baseline -0.002 -33"><span class='ocrx_word' id='word_1_248' title='bbox 160 5246 303 5332; x_wconf 80' lang='lat' dir='ltr'>ense,</span> <span class='ocrx_word' id='word_1_249' title='bbox 333 5213 550 5347; x_wconf 79' lang='lat' dir='ltr'>laqueo,</span> <span class='ocrx_word' id='word_1_250' title='bbox 591 5212 810 5344; x_wconf 79' lang='lat' dir='ltr'>sagittis,</span> <span class='ocrx_word' id='word_1_251' title='bbox 850 5210 1068 5313; x_wconf 81' lang='lat' dir='ltr'>‹liritiuo</span> <span class='ocrx_word' id='word_1_252' title='bbox 1107 5213 1337 5331; x_wconf 78' lang='lat' dir='ltr'>carcere,</span> <span class='ocrx_word' id='word_1_253' title='bbox 1379 5230 1430 5315; x_wconf 88' lang='lat' dir='ltr'>et</span> <span class='ocrx_word' id='word_1_254' title='bbox 1472 5215 1614 5321; x_wconf 88' lang='lat' dir='ltr'>same</span> <span class='ocrx_word' id='word_1_255' title='bbox 1654 5214 1844 5321; x_wconf 68' lang='lat' dir='ltr'>necari</span> 
     </span>
     <span class='ocr_line' id='line_1_36' title="bbox 159 5354 1844 5501; baseline 0.004 -46"><span class='ocrx_word' id='word_1_256' title='bbox 159 5354 302 5457; x_wconf 83' lang='lat' dir='ltr'>iecit.</span> <span class='ocrx_word' id='word_1_257' title='bbox 337 5356 666 5463; x_wconf 74' lang='lat' dir='ltr'>Cenomanis</span> <span class='ocrx_word' id='word_1_258' title='bbox 705 5358 758 5455; x_wconf 93' lang='lat' dir='ltr'>in</span> <span class='ocrx_word' id='word_1_259' title='bbox 789 5354 963 5457; x_wconf 86' lang='lat' dir='ltr'>Caillia</span> <span class='ocrx_word' id='word_1_260' title='bbox 994 5386 1004 5457; x_wconf 92' lang='lat'><strong>:</strong></span> <span class='ocrx_word' id='word_1_261' title='bbox 1035 5358 1209 5465; x_wconf 90' lang='lat' dir='ltr'>sancti</span> <span class='ocrx_word' id='word_1_262' title='bbox 1249 5357 1452 5463; x_wconf 80' lang='lat' dir='ltr'>Liborii</span> <span class='ocrx_word' id='word_1_263' title='bbox 1494 5356 1756 5501; x_wconf 87' lang='lat' dir='ltr'>Episcopi</span> <span class='ocrx_word' id='word_1_264' title='bbox 1784 5358 1844 5459; x_wconf 80' lang='lat' dir='ltr'>et</span> 
     </span>
    </p>
   </div>
   <div class='ocr_carea' id='block_1_5' title="bbox 0 0 2000 6082">
    <p class='ocr_par' dir='ltr' id='par_1_5' title="bbox 0 0 2000 6082">
     <span class='ocr_line' id='line_1_37' title="bbox 0 0 2000 6082; baseline 0 1"><span class='ocrx_word' id='word_1_265' title='bbox 0 0 2000 6082; x_wconf 95' lang='lat' dir='ltr'> </span> 
     </span>
    </p>
   </div>
  </div>
 </body>
</html>
