3990 6082
682 348 1131 459 snr'tnttuntt.
1638 357 1744 463 209

65 560 158 667 tis.
199 558 380 681 Quem
419 580 641 664 sanctus
674 562 980 702 Episcopus
1006 564 1316 684 laturarios,
1347 600 1473 667 eum
1504 565 1574 672 de
1599 568 1743 675 illius

66 706 268 842 eapite,
294 702 651 835 Evangolium
676 709 732 806 in
762 707 1001 810 Ecclesia
1022 711 1265 845 legentis
1295 711 1575 812 ssammam
1596 714 1744 820 vide·

66 867 155 951 ret
180 853 464 984 exsurgere
492 884 502 951 :
528 855 822 990 martyrem
844 851 1094 953 futurum
1119 856 1513 990 pronuntiavit.
1536 855 1608 958 Et
1629 894 1737 961 non

65 1012 191 1130 post
231 995 434 1106 multos
474 993 607 1111 dies.
650 1030 778 1097 eum
823 997 939 1134 ipse
978 1020 1116 1099 esset
1154 999 1429 1099 anitiorum
1471 1000 1739 1137 triginta:

66 1139 394 1276 martyrium
420 1173 547 1240 curn
577 1139 768 1242 eodem
800 1136 1072 1279 Episcopo
1100 1143 1292 1281 ca'pitis
1320 1142 1743 1251 detruncatione

60 1284 400 1422 suscepitln
424 1282 699 1384 territorio
722 1282 1129 1388 Constantiensi
1152 1318 1163 1387 :
1187 1290 1358 1389 sancti
1380 1287 1594 1392 Pate'rni
1614 1289 1744 1429 Epi·

61 1428 218 1563 scopi
248 1445 303 1528 et
329 1426 601 1565 murtyris,
624 1427 880 1531 Anconae
908 1460 918 1529 :
950 1433 1120 1530 sancti
1151 1427 1459 1532 Constantii
1490 1431 1744 1537 Ecclosiae

66 1570 440 1688 Mansionairii‚
482 1572 876 1673 miraculorum
914 1573 1084 1703 grutia
1125 1577 1427 1711 conspicui.
1458 1572 1514 1676 ln
1546 1575 1746 1717 Hispo·

63 1715 157 1814 nia
183 1747 193 1816 :
224 1716 538 1817 sanctarum
566 1717 860 1817 mulierum
889 1715 1185 1856 Xantippae
1211 1738 1264 1820 et
1295 1720 1596 1859 Polyxenus,
1619 1758 1748 1860 quae

64 1859 300 1961 suerunt
328 1856 722 1998 Apostolorum
747 1857 1049 1996 discipulae.

384 2086 599 2190 convo
619 2084 890 2190 Kalendas
919 2082 1176 2191 octobris
1205 2121 1214 2189 ;
1246 2061 1403 2191 tuna
1695 2094 1768 2197 A‘

56 2317 1741 2452 ahcdel'ghiklmnpqrstu

60 2469 1748 2555 234567891011121314151617181920

63 2676 77 2702 .
212 2599 255 2697 B
371 2595 573 2698 Ch
681 2591 851 2696 EF
954 2595 990 2693 l?
1093 2596 1138 2692 ll
1244 2592 1289 2691 ll
1396 2594 1443 2693 ll
1550 2597 1588 2696 A*
1709 2600 1743 2695 l’

62 2748 267 2828 222

380 2746 1725 2829 2324252626272829301

71 2610 111 2700 A.

94 2752 114 2827 l

70 2976 313 3196 Fasruu
340 2962 517 3066 heotae
542 2959 726 3064 Mariae
756 2959 993 3097 Virginis
1019 2960 1088 3063 de
1116 2959 1382 3063 Mereode.
1412 2954 1626 3059 l'estum
1660 2979 1817 3063 to-nn
1840 3000 1896 3066 ai.

219 3125 336 3206 tum
383 3104 611 3241 Duplex.
674 3103 1119 3240 Augustuduni:
1194 3106 1382 3206 natalis
1425 3109 1741 3211 sanctorum

70 3253 383 3389 martyrum
434 3248 713 3353 Antiochii
761 3250 1085 3388 Presbyteri,
1136 3248 1333 3388 Thyrsi
1403 3249 1651 3375 Diacoui‚
1693 3271 1747 3357 et

74 3395 281 3499 Felicis.
323 3391 432 3515 Qui
489 3428 519 3494 a
563 3395 725 3496 heuto
771 3394 1070 3533 polycarpo
1115 3390 1430 3532 Smyrnensi
1471 3394 1747 3536 Episcopo

72 3541 146 3642 ab
173 3536 399 3643 Orionte
433 3536 624 3641 directi
666 3537 733 3639 ad
774 3537 1081 3641 docendam
1120 3537 1381 3657 Galliam;
1416 3540 1617 3642 ibidem
1647 3543 1747 3643 lla·

75 3685 225 3821 gellis
251 3682 536 3787 durissime
563 3684 705 3804 caesi,
734 3716 797 3784 ac
823 3700 936 3783 tota
969 3680 1060 3782 die
1084 3683 1309 3784 inversis
1336 3683 1590 3788 uroruhus
1627 3722 1747 3788 sus-

76 3831 252 3968 pensi,
293 3846 346 3928 et
385 3829 660 3964 inignem
699 3829 865 3948 missi,
906 3826 1143 3928 sednon
1186 3826 1493 3932 combusti:
1524 3829 1747 3933 taudem

76 3972 329 4077 vectibus
375 3971 564 4075 eorum
612 3972 747 4074 eolla
799 3970 1093 4089 sentimur,
1139 3989 1193 4070 et
1239 3971 1310 4069 ita
1372 3972 1748 4101 gloriosissime

78 4118 433 4221 coronantur.
475 4119 535 4219 ln
557 4113 825 4255 AEgypto:
859 4116 1031 4254 passio
1071 4113 1386 4216 sanctorum
1431 4116 1746 4255 paphnutii.

79 4281 134 4365 et
177 4259 453 4364 sociorum
484 4260 809 4400 mortyrum.
844 4259 891 4361 ls
935 4261 1102 4360 vitam
1135 4260 1188 4359 iu
1231 4258 1529 4363 solitudine
1565 4296 1747 4399 agens,

79 4440 210 4510 cum
254 4402 468 4507 audiret
505 4406 708 4505 multos
747 4401 1089 4505 Christianos
1132 4404 1186 4503 iu
1232 4403 1461 4505 vinculis
1506 4408 1746 4524 retineri,

80 4550 269 4652 divino
306 4549 504 4686 spiritu
542 4549 794 4650 concitus
832 4568 1030 4685 sponte
1072 4545 1330 4683 praelecto
1368 4580 1424 4648 se
1462 4547 1622 4652 ollert
1654 4581 1664 4650 :
1695 4568 1747 4653 et

81 4692 448 4797 Christiainam
469 4692 783 4827 religionem
807 4693 974 4795 lihere
996 4690 1302 4828 prolitetur.
1320 4691 1364 4791 A
1379 4696 1744 4831 quoprimum

82 4838 290 4942 catonis
326 4836 511 4939 ferreis
544 4838 956 4970 constringitur,
1001 4853 1054 4936 et
1082 4835 1135 4934 in
1178 4836 1415 4971 equuleo
1441 4831 1750 4941 diutissime

86 4983 410 5119 turquotur:
438 4979 640 5083 deinde
660 5014 786 5083 cum
816 4981 932 5082 ollis
961 4979 1208 5117 plurimis
1234 4976 1300 5079 ad
1346 4976 1746 5083 Diocletianum

84 5128 338 5231 mittitur.
362 5122 535 5261 Cujus
545 5125 702 5261 jussu
724 5126 839 5263 ipse
861 5127 1055 5261 palmae
1074 5118 1348 5251 alligitur:
1373 5126 1537 5227 ceteri
1562 5146 1747 5229 autem

85 5271 230 5376 ferro
268 5270 553 5373 necuntur.
597 5277 655 5378 lu
681 5268 960 5369 Pannonia
992 5300 1001 5367 :
1029 5268 1201 5368 saneti
1232 5264 1464 5367 Gerardi
1493 5269 1749 5412 Episcopi

85 5435 142 5521 et
178 5414 447 5554 martyris
488 5410 878 5549 Hungaroruru
911 5411 1153 5551 Apostoli
1179 5411 1509 5549 nuncupati,
1540 5416 1751 5519 patricii

158 5589 646 5665 cinnamonum.
1468 5556 1538 5660 at
1691 5628 1880 5719 Α
