3990 6082
166 329 271 437 302
688 382 928 455 55555555
967 378 1312 450 5555555555555

167 513 439 627 5555555515.
475 520 538 624 Et
582 522 716 627 vidit
755 524 906 647 duas¹
930 553 1092 625 naves
1118 537 1324 624 stantes
1348 526 1824 650 secuslstagnum:

167 656 462 793 5555555555
499 685 687 771 555555
726 665 1147 785 (1555555155555,
1176 683 1229 770 55
1269 662 1529 767 1555155555
1571 660 1723 763 55555.
1750 655 1827 759 Tu

164 819 370 909 555555.

241 951 625 1065 1)55555555111.
1068 950 1390 1056 Seciinduin
1417 947 1764 1053 Matthaeuni.

171 1104 249 1325 In
274 1088 366 1192 5115
396 1099 675 1238 te'inpcrc:
702 1099 852 1204 Dixit
874 1097 1030 1202 lesus
1051 1095 1337 1236 discipulis
1358 1094 1488 1198 suis,
1518 1093 1635 1197 Nisi
1657 1094 1826 1195 abun·

239 1231 490 1341 (1555555
469 1247 682 1378 55555555
709 1263 884 1349 555555
908 1244 1226 1382 plusquam
1248 1239 1587 1358 Scribarum,
1619 1254 1675 1340 55
1695 1238 1824 1340 Ρ155-

162 1377 497 1486 5555555555;
546 1423 657 1491 55555
703 1388 1038 1491 5555555555
1024 1423 1082 1489 555
1122 1420 1357 1522 regnum
1414 1384 1696 1489 555-,55555
1743 1380 1822 1483 155

158 1539 362 1629 autem.

242 1679 522 1783 [lominica
548 1681 638 1785 ll.
1144 1675 1465 1780 Secundum
1489 1671 1758 1777 Marcum.

169 1813 362 2045 155115
391 1821 653 1956 55555555.
677 1819 820 1924 Cum
849 1822 1210 1924 555155555155
1233 1837 1370 1925 55555
1396 1852 1526 1923 cuin
1552 1816 1703 1939 lesu,
1733 1850 1826 1923 nec

234 1956 686 2101 15515555555555551
715 1967 1157 2070 manducarent:
1189 1965 1503 2069 5555555555
1529 1961 1823 2101 discipulis,

159 2099 235 2201 ait
274 2105 392 2212 51155.
423 2106 682 2213 Misereor
708 2146 876 2250 super
902 2111 1165 2215 luibani:
1183 2112 1326 2247 quia
1352 2142 1481 2213 5555
1499 2108 1634 2243 5555
1645 2106 1823 2212 triduo

157 2247 430 2353 sustinent
459 2290 562 2376 555,
589 2290 689 2360 5555
709 2257 924 2361 15515555
945 2255 1098 2393 quod
1125 2253 1483 2359 manducent.
1505 2251 1593 2355 Tu
1623 2268 1819 2356 autem.

237 2337 613 2505 Dominical'.
1064 2398 1386 2505 Secundum
1407 2397 1758 2501 Matthaeum.

167 2547 263 2782 15ἃ
280 2539 372 2641 5115
400 2545 688 2679 tenpore:
723 2543 870 2647 055555
894 2546 1050 2650 lesus
1072 2544 1355 2684 discipulis
1379 2545 1510 2649 5555.
1542 2538 1823 2647 Attendite

107 2698 110 2703 ’
292 2682 434 2786 151555
463 2689 767 2855 5555155555,
797 2692 895 2825 qui
924 2692 1158 2793 5555555
1184 2691 1252 2793 ad
1282 2722 1378 2791 sos
1403 2691 1459 2791 55
1493 2687 1823 2791 5555555555

158 2824 373 2931 cuium:
386 2830 716 2936 intrinsecus
737 2851 921 2938 autern
941 2852 1073 2937 sunt
1093 2834 1213 2973 lupi
1233 2836 1478 2975 55555555.
1495 2832 1537 2935 Α
1559 2829 1821 2993 5555551555

157 2968 388 3075 eurum:
414 2979 755 3110 cognosce'tis
782 3011 887 3083 555
911 2977 1000 3080 Tu
1022 2997 1228 3084 555555.

241 3120 523 3227 1)55555555
547 3123 640 3225 Vl.
1180 3120 1501 3227 Seciindum
1528 3118 1755 3224 Lucani.

165 3269 234 3485 15
262 3261 355 3362 5115
383 3267 673 3400 tempore:
710 3263 854 3367 Dixit
881 3266 1041 3371 lesus
1067 3265 1351 3430 discipulis
1376 3266 1490 3370 suis
1509 3261 1815 3405 pauibolnn

218 3406 380 3508 15555.
402 3405 584 3510 Homo
605 3408 837 3545 quidam
860 3430 977 3515 5555
996 3410 1544 3547 (15555555551551555
1562 3410 1813 3513 villicum·

153 3562 206 3675 55
243 3549 336 3653 1555
364 3549 687 3657 diffamatus
712 3572 791 3658 555
817 3554 970 3694 apud
991 3558 1145 3659 illum
1169 3590 1328 3693 quasl
1315 3554 1665 3692 (15555555555
1682 3553 1814 3657 bo'na

152 3689 340 3829 ipsius.
365 3693 453 3797 Tu
475 3716 681 3802 555555.

232 3841 517 3947 1555555555
539 3845 653 3949 Vll.
1177 3838 1499 3946 Secundum
1528 3837 1799 3946 Lucam.

162 3988 234 4205 In
272 3980 364 4084 illo
406 3986 668 4123 55555555.
711 3984 851 4090 Cum
893 3985 1399 4126 appropinqiuisset
1433 3984 1591 4089 lesus
1617 3983 1811 4091 1555555-

225 4126 365 4230 lein:
393 4128 585 4234 videns
604 4133 884 4236 5555555555
905 4133 1054 4235 115555
1075 4164 1243 4271 555555
1261 4132 1428 4249 511555,
1452 4127 1662 4235 dicens.
1685 4129 1811 4255 Quia

151 4267 191 4370 55
222 4275 560 4408 cognovisses
587 4293 640 4377 55
667 4293 769 4378 tu:
800 4296 854 4381 55
875 4276 1146 4412 quidem
1133 4312 1190 4380 55
1219 4277 1325 4380 1555
1351 4275 1440 4378 die
1469 4292 1583 4469 555,
1606 4309 1736 4413 quae
1754 4270 1810 4463 ad

151 4446 344 4550 pacem
366 4416 485 4520 ubl
509 4416 593 4521 Tu
618 4439 823 4525 555555.
1040 4516 1043 4521 .
1188 4463 1192 4469 ’

233 4566 514 4669 1155555555
546 4565 587 4665 1
595 4566 673 4665 lll
1175 4464 1502 4667 8555551555
1524 4561 1749 4666 Lucam.

159 4711 233 4932 In
252 4701 346 4805 illc
368 4707 635 4846 55555555
664 4708 812 4810 Dixit
830 4709 986 4813 15555
1006 4704 1074 4810 ad
1098 4708 1390 4841 quosdam,
1413 4707 1512 4844 qui
1538 4706 1596 4808 55
1620 4740 1679 4812 55
1699 4736 1813 4811 con·

229 4844 482 4953 fidebant
517 4870 805 4989 tanlquam
830 4853 986 4988 justi,
1017 4870 1070 4957 55
1100 4853 1549 4989 55555555555555
1574 4855 1812 4956 55555551

150 4993 467 5124 parabolam
508 4996 683 5099 islani.
736 4998 857 5100 Duo
898 4998 1150 5100 1555555555
1186 4997 1655 5101 55555515555555
1693 5017 1817 5101 5555-

147 5134 322 5379 51515555,
311 5143 685 5255 ,555555555ε
713 5177 857 5245 unus
887 5143 1209 5262 Pharisaeus,
1234 5164 1281 5244 55
1309 5141 1461 5244 51555.
1469 5139 1816 5282 publicanus.

199 5315 236 5382 u
262 5301 467 5390 555555.
