<?xml version="1.0" encoding="UTF-8"?>
<!DOCTYPE html PUBLIC "-//W3C//DTD XHTML 1.0 Transitional//EN"
    "http://www.w3.org/TR/xhtml1/DTD/xhtml1-transitional.dtd">
<html xmlns="http://www.w3.org/1999/xhtml" xml:lang="en" lang="en">
 <head>
  <title>
</title>
<meta http-equiv="Content-Type" content="text/html;charset=utf-8" />
  <meta name='ocr-system' content='tesseract 3.04.00' />
  <meta name='ocr-capabilities' content='ocr_page ocr_carea ocr_par ocr_line ocrx_word'/>
</head>
<body>
  <div class='ocr_page' id='page_1' title='image "./martyrologiumsa00domigoog_0394.png"; bbox 0 0 3990 6082; ppageno 0'>
   <div class='ocr_carea' id='block_1_1' title="bbox 561 375 1815 484">
    <p class='ocr_par' dir='ltr' id='par_1_1' title="bbox 561 375 1815 484">
     <span class='ocr_line' id='line_1_1' title="bbox 561 375 1815 484; baseline 0.006 -27"><span class='ocrx_word' id='word_1_1' title='bbox 561 375 1379 484; x_wconf 81' lang='lat' dir='ltr'><strong>Dist.11.Comtit.BnnisaciiPnpaelX.</strong></span> <span class='ocrx_word' id='word_1_2' title='bbox 1559 380 1561 385; x_wconf 73' lang='grc'>’</span> <span class='ocrx_word' id='word_1_3' title='bbox 1770 385 1815 463; x_wconf 74' lang='lat' dir='ltr'><strong>bt</strong></span> 
     </span>
    </p>
   </div>
   <div class='ocr_carea' id='block_1_2' title="bbox 164 632 1798 745">
    <p class='ocr_par' dir='ltr' id='par_1_2' title="bbox 164 632 1798 745">
     <span class='ocr_line' id='line_1_2' title="bbox 164 632 1798 745; baseline 0.004 -31"><span class='ocrx_word' id='word_1_4' title='bbox 164 632 471 731; x_wconf 72' lang='lat' dir='ltr'><strong>Camlllo-tiones</strong></span> <span class='ocrx_word' id='word_1_5' title='bbox 495 636 654 716; x_wconf 75' lang='lat' dir='ltr'><strong>Dormiat</strong></span> <span class='ocrx_word' id='word_1_6' title='bbox 671 636 870 737; x_wconf 76' lang='lat' dir='ltr'><strong>Boailncit&#39;</strong></span> <span class='ocrx_word' id='word_1_7' title='bbox 888 641 1021 742; x_wconf 84' lang='lat' dir='ltr'><strong>Panna</strong></span> <span class='ocrx_word' id='word_1_8' title='bbox 1037 639 1121 720; x_wconf 77' lang='lat' dir='ltr'><strong>tt.-</strong></span> <span class='ocrx_word' id='word_1_9' title='bbox 1141 641 1336 721; x_wconf 82' lang='lat' dir='ltr'><strong>decimum</strong></span> <span class='ocrx_word' id='word_1_10' title='bbox 1356 649 1535 720; x_wconf 86' lang='lat' dir='ltr'><strong>ortanum</strong></span> <span class='ocrx_word' id='word_1_11' title='bbox 1559 643 1798 745; x_wconf 75' lang='lat' dir='ltr'><em>Capitulum.</em></span> 
     </span>
    </p>
   </div>
   <div class='ocr_carea' id='block_1_3' title="bbox 135 879 1958 5525">
    <p class='ocr_par' dir='ltr' id='par_1_3' title="bbox 138 879 1818 2151">
     <span class='ocr_line' id='line_1_3' title="bbox 142 879 1817 1073; baseline 0.003 -118"><span class='ocrx_word' id='word_1_12' title='bbox 142 898 445 1073; x_wconf 80' lang='lat' dir='ltr'><strong>Dsrmrusus</strong></span> <span class='ocrx_word' id='word_1_13' title='bbox 463 879 678 958; x_wconf 84' lang='lat' dir='ltr'><strong>Dominum</strong></span> <span class='ocrx_word' id='word_1_14' title='bbox 691 880 934 960; x_wconf 80' lang='lat' dir='ltr'><strong>bonifacium</strong></span> <span class='ocrx_word' id='word_1_15' title='bbox 950 883 1095 984; x_wconf 89' lang='lat' dir='ltr'><strong>Papam</strong></span> <span class='ocrx_word' id='word_1_16' title='bbox 1114 881 1284 982; x_wconf 92' lang='lat' dir='ltr'><strong>Nonum,</strong></span> <span class='ocrx_word' id='word_1_17' title='bbox 1300 904 1405 963; x_wconf 91' lang='lat' dir='ltr'><strong>anno</strong></span> <span class='ocrx_word' id='word_1_18' title='bbox 1424 883 1588 963; x_wconf 88' lang='lat' dir='ltr'><strong>Domini</strong></span> <span class='ocrx_word' id='word_1_19' title='bbox 1606 882 1817 963; x_wconf 90' lang='lat' dir='ltr'><strong>millesimo</strong></span> 
     </span>
     <span class='ocr_line' id='line_1_4' title="bbox 237 992 1817 1098; baseline 0.003 -26"><span class='ocrx_word' id='word_1_20' title='bbox 237 992 629 1096; x_wconf 77' lang='lat' dir='ltr'><strong>quadringentesimo</strong></span> <span class='ocrx_word' id='word_1_21' title='bbox 647 994 835 1092; x_wconf 89' lang='lat' dir='ltr'><strong>secundo,</strong></span> <span class='ocrx_word' id='word_1_22' title='bbox 855 997 995 1098; x_wconf 91' lang='lat' dir='ltr'><strong>quinto</strong></span> <span class='ocrx_word' id='word_1_23' title='bbox 1016 998 1212 1077; x_wconf 81' lang='lat' dir='ltr'>Kalendas</span> <span class='ocrx_word' id='word_1_24' title='bbox 1230 999 1338 1095; x_wconf 85' lang='lat' dir='ltr'><strong>Maii,</strong></span> <span class='ocrx_word' id='word_1_25' title='bbox 1358 998 1613 1083; x_wconf 87' lang='lat' dir='ltr'><strong>Pontificatus</strong></span> <span class='ocrx_word' id='word_1_26' title='bbox 1632 999 1692 1078; x_wconf 91' lang='lat' dir='ltr'><strong>sui</strong></span> <span class='ocrx_word' id='word_1_27' title='bbox 1711 1021 1817 1077; x_wconf 87' lang='lat' dir='ltr'><strong>anno</strong></span> 
     </span>
     <span class='ocr_line' id='line_1_5' title="bbox 143 1099 1818 1217; baseline 0.005 -32"><span class='ocrx_word' id='word_1_28' title='bbox 143 1108 432 1205; x_wconf 88' lang='lat' dir='ltr'><strong>tertiodecimo,</strong></span> <span class='ocrx_word' id='word_1_29' title='bbox 453 1099 766 1192; x_wconf 84' lang='lat' dir='ltr'><strong>Constitutiones</strong></span> <span class='ocrx_word' id='word_1_30' title='bbox 783 1111 970 1210; x_wconf 82' lang='lat' dir='ltr'>edidisse,</span> <span class='ocrx_word' id='word_1_31' title='bbox 991 1137 1091 1215; x_wconf 73' lang='lat' dir='ltr'><strong>(puae</strong></span> <span class='ocrx_word' id='word_1_32' title='bbox 1114 1138 1184 1215; x_wconf 87' lang='lat' dir='ltr'><strong>per</strong></span> <span class='ocrx_word' id='word_1_33' title='bbox 1205 1125 1383 1194; x_wconf 90' lang='lat' dir='ltr'><strong>nostrum</strong></span> <span class='ocrx_word' id='word_1_34' title='bbox 1402 1112 1595 1193; x_wconf 84' lang='lat' dir='ltr'><strong>Ordinem</strong></span> <span class='ocrx_word' id='word_1_35' title='bbox 1615 1124 1818 1217; x_wconf 89' lang='lat' dir='ltr'><strong>nequeunt</strong></span> 
     </span>
     <span class='ocr_line' id='line_1_6' title="bbox 142 1226 1816 1332; baseline 0.004 -30"><span class='ocrx_word' id='word_1_36' title='bbox 142 1226 346 1329; x_wconf 22' lang='lat' dir='ltr'><strong>immuta-ri</strong></span> <span class='ocrx_word' id='word_1_37' title='bbox 377 1254 384 1303; x_wconf 92' lang='lat'><strong>:</strong></span> <span class='ocrx_word' id='word_1_38' title='bbox 415 1226 565 1306; x_wconf 92' lang='lat' dir='ltr'><strong>tenoris</strong></span> <span class='ocrx_word' id='word_1_39' title='bbox 604 1227 855 1330; x_wconf 68' lang='lat' dir='ltr'><strong>infrascripti.</strong></span> <span class='ocrx_word' id='word_1_40' title='bbox 897 1229 1135 1309; x_wconf 82' lang='lat' dir='ltr'><strong>Auctoritate</strong></span> <span class='ocrx_word' id='word_1_41' title='bbox 1169 1229 1427 1332; x_wconf 72' lang='lat' dir='ltr'><strong>apostalice,</strong></span> <span class='ocrx_word' id='word_1_42' title='bbox 1466 1238 1602 1310; x_wconf 88' lang='lat' dir='ltr'><strong>tenore</strong></span> <span class='ocrx_word' id='word_1_43' title='bbox 1628 1253 1816 1332; x_wconf 87' lang='lat' dir='ltr'><strong>praesen·</strong></span> 
     </span>
     <span class='ocr_line' id='line_1_7' title="bbox 141 1342 1815 1450; baseline 0.002 -29"><span class='ocrx_word' id='word_1_44' title='bbox 141 1343 266 1440; x_wconf 75' lang='lat' dir='ltr'><strong>uum,</strong></span> <span class='ocrx_word' id='word_1_45' title='bbox 296 1349 550 1447; x_wconf 82' lang='lat' dir='ltr'><strong>perpetuast</strong></span> <span class='ocrx_word' id='word_1_46' title='bbox 579 1342 838 1450; x_wconf 77' lang='lat' dir='ltr'><strong>irrefragabili</strong></span> <span class='ocrx_word' id='word_1_47' title='bbox 867 1345 1159 1426; x_wconf 73' lang='lat' dir='ltr'><strong>Constitutione</strong></span> <span class='ocrx_word' id='word_1_48' title='bbox 1188 1347 1403 1444; x_wconf 86' lang='lat' dir='ltr'><strong>sancimus,</strong></span> <span class='ocrx_word' id='word_1_49' title='bbox 1433 1346 1658 1444; x_wconf 77' lang='lat' dir='ltr'><strong>statuimus,</strong></span> <span class='ocrx_word' id='word_1_50' title='bbox 1687 1354 1727 1426; x_wconf 88' lang='lat' dir='ltr'><strong>et</strong></span> <span class='ocrx_word' id='word_1_51' title='bbox 1751 1370 1815 1428; x_wconf 89' lang='lat' dir='ltr'><strong>or·</strong></span> 
     </span>
     <span class='ocr_line' id='line_1_8' title="bbox 139 1459 1816 1565; baseline 0.003 -29"><span class='ocrx_word' id='word_1_52' title='bbox 139 1459 327 1539; x_wconf 87' lang='lat' dir='ltr'><strong>dinamus</strong></span> <span class='ocrx_word' id='word_1_53' title='bbox 355 1487 364 1538; x_wconf 76' lang='grc' dir='ltr'>ε</span> <span class='ocrx_word' id='word_1_54' title='bbox 390 1460 499 1560; x_wconf 92' lang='lat' dir='ltr'><strong>quod</strong></span> <span class='ocrx_word' id='word_1_55' title='bbox 524 1459 574 1538; x_wconf 90' lang='lat' dir='ltr'><strong>de</strong></span> <span class='ocrx_word' id='word_1_56' title='bbox 597 1467 727 1540; x_wconf 89' lang='lat' dir='ltr'><strong>cetero</strong></span> <span class='ocrx_word' id='word_1_57' title='bbox 755 1461 956 1563; x_wconf 87' lang='lat' dir='ltr'><strong>perpetuis</strong></span> <span class='ocrx_word' id='word_1_58' title='bbox 983 1461 1126 1542; x_wconf 82' lang='lat' dir='ltr'><strong>tuturis</strong></span> <span class='ocrx_word' id='word_1_59' title='bbox 1152 1462 1412 1565; x_wconf 84' lang='lat' dir='ltr'><strong>temporibus,</strong></span> <span class='ocrx_word' id='word_1_60' title='bbox 1445 1460 1577 1542; x_wconf 92' lang='lat' dir='ltr'><strong>nullus</strong></span> <span class='ocrx_word' id='word_1_61' title='bbox 1598 1485 1645 1542; x_wconf 85' lang='lat' dir='ltr'><strong>ex</strong></span> <span class='ocrx_word' id='word_1_62' title='bbox 1670 1463 1816 1541; x_wconf 80' lang='lat' dir='ltr'><strong>Fratri·</strong></span> 
     </span>
     <span class='ocr_line' id='line_1_9' title="bbox 143 1575 1814 1681; baseline 0.001 -27"><span class='ocrx_word' id='word_1_63' title='bbox 143 1576 217 1656; x_wconf 93' lang='lat' dir='ltr'><strong>bus</strong></span> <span class='ocrx_word' id='word_1_64' title='bbox 258 1575 425 1654; x_wconf 88' lang='lat' dir='ltr'><strong>Ordinis</strong></span> <span class='ocrx_word' id='word_1_65' title='bbox 464 1576 800 1674; x_wconf 86' lang='lat' dir='ltr'><strong>Praedicatorum,</strong></span> <span class='ocrx_word' id='word_1_66' title='bbox 837 1578 986 1679; x_wconf 88' lang='lat' dir='ltr'><strong>absque</strong></span> <span class='ocrx_word' id='word_1_67' title='bbox 1021 1580 1194 1676; x_wconf 86' lang='lat' dir='ltr'><strong>licentia,</strong></span> <span class='ocrx_word' id='word_1_68' title='bbox 1234 1603 1304 1659; x_wconf 89' lang='lat' dir='ltr'><strong>scu</strong></span> <span class='ocrx_word' id='word_1_69' title='bbox 1339 1580 1607 1681; x_wconf 76' lang='lat' dir='ltr'><strong>assignatione</strong></span> <span class='ocrx_word' id='word_1_70' title='bbox 1644 1579 1814 1681; x_wconf 85' lang='lat' dir='ltr'><strong>Capituli</strong></span> 
     </span>
     <span class='ocr_line' id='line_1_10' title="bbox 140 1691 1812 1798; baseline 0.001 -26"><span class='ocrx_word' id='word_1_71' title='bbox 140 1691 376 1788; x_wconf 87' lang='lat' dir='ltr'><strong>Generalis,</strong></span> <span class='ocrx_word' id='word_1_72' title='bbox 406 1693 625 1772; x_wconf 89' lang='lat' dir='ltr'><strong>secundum</strong></span> <span class='ocrx_word' id='word_1_73' title='bbox 652 1715 804 1772; x_wconf 90' lang='lat' dir='ltr'><strong>morem</strong></span> <span class='ocrx_word' id='word_1_74' title='bbox 832 1693 1008 1794; x_wconf 84' lang='lat' dir='ltr'><strong>ejusdem</strong></span> <span class='ocrx_word' id='word_1_75' title='bbox 1038 1695 1216 1792; x_wconf 89' lang='lat' dir='ltr'><strong>Ordinis,</strong></span> <span class='ocrx_word' id='word_1_76' title='bbox 1245 1695 1529 1798; x_wconf 79' lang='lat' dir='ltr'><strong>adlegandum</strong></span> <span class='ocrx_word' id='word_1_77' title='bbox 1562 1719 1635 1798; x_wconf 90' lang='lat' dir='ltr'><strong>pro</strong></span> <span class='ocrx_word' id='word_1_78' title='bbox 1661 1694 1812 1791; x_wconf 78' lang='lat' dir='ltr'><strong>torma,</strong></span> 
     </span>
     <span class='ocr_line' id='line_1_11' title="bbox 139 1807 1814 1921; baseline 0 -32"><span class='ocrx_word' id='word_1_79' title='bbox 139 1832 211 1889; x_wconf 88' lang='lat' dir='ltr'><strong>scu</strong></span> <span class='ocrx_word' id='word_1_80' title='bbox 238 1808 289 1887; x_wconf 90' lang='lat' dir='ltr'><strong>ad</strong></span> <span class='ocrx_word' id='word_1_81' title='bbox 316 1808 507 1921; x_wconf 84' lang='lat' dir='ltr'><strong>bonorem</strong></span> <span class='ocrx_word' id='word_1_82' title='bbox 536 1808 749 1912; x_wconf 82' lang='lat' dir='ltr'><strong>Magisterii</strong></span> <span class='ocrx_word' id='word_1_83' title='bbox 779 1807 818 1888; x_wconf 94' lang='lat' dir='ltr'><strong>in</strong></span> <span class='ocrx_word' id='word_1_84' title='bbox 846 1811 1060 1913; x_wconf 76' lang='lat' dir='ltr'><strong>&#39;l&#39;beologia</strong></span> <span class='ocrx_word' id='word_1_85' title='bbox 1086 1812 1337 1913; x_wconf 79' lang='lat' dir='ltr'><strong>promoveri3</strong></span> <span class='ocrx_word' id='word_1_86' title='bbox 1363 1812 1423 1891; x_wconf 90' lang='lat' dir='ltr'><strong>vel</strong></span> <span class='ocrx_word' id='word_1_87' title='bbox 1444 1812 1568 1914; x_wconf 79' lang='lat' dir='ltr'><strong>gradu</strong></span> <span class='ocrx_word' id='word_1_88' title='bbox 1587 1811 1814 1911; x_wconf 81' lang='lat' dir='ltr'><strong>hujusmodi</strong></span> 
     </span>
     <span class='ocr_line' id='line_1_12' title="bbox 139 1925 1815 2031; baseline -0.001 -25"><span class='ocrx_word' id='word_1_89' title='bbox 139 1925 355 2029; x_wconf 79' lang='lat' dir='ltr'><strong>Magisterii</strong></span> <span class='ocrx_word' id='word_1_90' title='bbox 383 1925 492 2028; x_wconf 82' lang='lat' dir='ltr'><strong>iungi</strong></span> <span class='ocrx_word' id='word_1_91' title='bbox 521 1926 647 2027; x_wconf 88' lang='lat' dir='ltr'><strong>possit</strong></span> <span class='ocrx_word' id='word_1_92' title='bbox 677 1926 738 2005; x_wconf 86' lang='lat' dir='ltr'><strong>vel</strong></span> <span class='ocrx_word' id='word_1_93' title='bbox 766 1925 937 2007; x_wconf 87' lang='lat' dir='ltr'><strong>debeat:</strong></span> <span class='ocrx_word' id='word_1_94' title='bbox 971 1926 1045 2005; x_wconf 91' lang='lat' dir='ltr'><strong>nisi</strong></span> <span class='ocrx_word' id='word_1_95' title='bbox 1074 1949 1144 2029; x_wconf 91' lang='lat' dir='ltr'><strong>per</strong></span> <span class='ocrx_word' id='word_1_96' title='bbox 1171 1927 1320 2008; x_wconf 89' lang='lat' dir='ltr'><strong>dictum</strong></span> <span class='ocrx_word' id='word_1_97' title='bbox 1348 1928 1574 2031; x_wconf 83' lang='lat' dir='ltr'><strong>Capitulum</strong></span> <span class='ocrx_word' id='word_1_98' title='bbox 1604 1928 1721 2007; x_wconf 85' lang='lat' dir='ltr'><strong>tuerit</strong></span> <span class='ocrx_word' id='word_1_99' title='bbox 1748 1951 1815 2028; x_wconf 90' lang='lat' dir='ltr'><strong>ap-</strong></span> 
     </span>
     <span class='ocr_line' id='line_1_13' title="bbox 138 2041 657 2151; baseline -0.008 -30"><span class='ocrx_word' id='word_1_100' title='bbox 138 2043 332 2146; x_wconf 86' lang='lat' dir='ltr'><strong>probatus</strong></span> <span class='ocrx_word' id='word_1_101' title='bbox 355 2041 416 2151; x_wconf 86' lang='lat' dir='ltr'><strong>vel</strong></span> <span class='ocrx_word' id='word_1_102' title='bbox 440 2049 657 2142; x_wconf 91' lang='lat' dir='ltr'><strong>promotus.</strong></span> 
     </span>
    </p>

    <p class='ocr_par' dir='ltr' id='par_1_4' title="bbox 138 2158 1818 3424">
     <span class='ocr_line' id='line_1_14' title="bbox 189 2158 1816 2261; baseline -0.001 -22"><span class='ocrx_word' id='word_1_103' title='bbox 189 2159 443 2240; x_wconf 88' lang='lat' dir='ltr'><strong>Contrarium</strong></span> <span class='ocrx_word' id='word_1_104' title='bbox 469 2181 562 2238; x_wconf 84' lang='lat' dir='ltr'><strong>vero</strong></span> <span class='ocrx_word' id='word_1_105' title='bbox 587 2158 734 2237; x_wconf 89' lang='lat' dir='ltr'><strong>faciens</strong></span> <span class='ocrx_word' id='word_1_106' title='bbox 754 2187 762 2235; x_wconf 91' lang='lat'>:</span> <span class='ocrx_word' id='word_1_107' title='bbox 785 2181 833 2238; x_wconf 89' lang='lat' dir='ltr'><strong>eo</strong></span> <span class='ocrx_word' id='word_1_108' title='bbox 858 2160 945 2261; x_wconf 92' lang='lat' dir='ltr'><strong>ipso</strong></span> <span class='ocrx_word' id='word_1_109' title='bbox 973 2161 1395 2242; x_wconf 84' lang='lat' dir='ltr'><strong>excommunicationis</strong></span> <span class='ocrx_word' id='word_1_110' title='bbox 1421 2161 1656 2240; x_wconf 86' lang='lat' dir='ltr'><strong>sententiam</strong></span> <span class='ocrx_word' id='word_1_111' title='bbox 1686 2161 1816 2240; x_wconf 90' lang='lat' dir='ltr'><strong>incur·</strong></span> 
     </span>
     <span class='ocr_line' id='line_1_15' title="bbox 138 2274 1815 2380; baseline -0.001 -23"><span class='ocrx_word' id='word_1_112' title='bbox 138 2286 217 2357; x_wconf 83' lang='lat' dir='ltr'><strong>tat.</strong></span> <span class='ocrx_word' id='word_1_113' title='bbox 238 2275 336 2354; x_wconf 84' lang='lat' dir='ltr'><strong>Etsi</strong></span> <span class='ocrx_word' id='word_1_114' title='bbox 354 2297 427 2376; x_wconf 91' lang='lat' dir='ltr'><strong>per</strong></span> <span class='ocrx_word' id='word_1_115' title='bbox 442 2274 665 2376; x_wconf 89' lang='lat' dir='ltr'><strong>Capitulum</strong></span> <span class='ocrx_word' id='word_1_116' title='bbox 684 2275 930 2375; x_wconf 87' lang='lat' dir='ltr'><strong>praedictum</strong></span> <span class='ocrx_word' id='word_1_117' title='bbox 951 2279 1185 2380; x_wconf 89' lang='lat' dir='ltr'><strong>reprobatus</strong></span> <span class='ocrx_word' id='word_1_118' title='bbox 1201 2277 1394 2358; x_wconf 86' lang='lat' dir='ltr'><strong>exstiterit</strong></span> <span class='ocrx_word' id='word_1_119' title='bbox 1415 2299 1610 2378; x_wconf 91' lang='lat' dir='ltr'><strong>:pronon</strong></span> <span class='ocrx_word' id='word_1_120' title='bbox 1630 2278 1815 2380; x_wconf 82' lang='lat' dir='ltr'><strong>Magistro</strong></span> 
     </span>
     <span class='ocr_line' id='line_1_16' title="bbox 139 2390 1816 2494; baseline 0 -21"><span class='ocrx_word' id='word_1_121' title='bbox 139 2393 345 2488; x_wconf 81' lang='lat' dir='ltr'><strong>habeatur.</strong></span> <span class='ocrx_word' id='word_1_122' title='bbox 375 2390 733 2471; x_wconf 90' lang='lat' dir='ltr'><strong>Constitutiouibus</strong></span> <span class='ocrx_word' id='word_1_123' title='bbox 759 2393 1025 2494; x_wconf 74' lang='lat' dir='ltr'><strong>apostolicis,</strong></span> <span class='ocrx_word' id='word_1_124' title='bbox 1055 2418 1100 2472; x_wconf 89' lang='lat' dir='ltr'><strong>ac</strong></span> <span class='ocrx_word' id='word_1_125' title='bbox 1127 2395 1309 2490; x_wconf 88' lang='lat' dir='ltr'><strong>statutis,</strong></span> <span class='ocrx_word' id='word_1_126' title='bbox 1338 2392 1694 2475; x_wconf 90' lang='lat' dir='ltr'><strong>consuetudinibus</strong></span> <span class='ocrx_word' id='word_1_127' title='bbox 1722 2396 1816 2473; x_wconf 86' lang='lat' dir='ltr'><strong>Fro-</strong></span> 
     </span>
     <span class='ocr_line' id='line_1_17' title="bbox 139 2507 1816 2614; baseline -0.001 -24"><span class='ocrx_word' id='word_1_128' title='bbox 139 2510 363 2590; x_wconf 86' lang='lat' dir='ltr'><strong>vinoiurum</strong></span> <span class='ocrx_word' id='word_1_129' title='bbox 390 2518 428 2586; x_wconf 91' lang='lat' dir='ltr'><strong>et</strong></span> <span class='ocrx_word' id='word_1_130' title='bbox 454 2508 632 2588; x_wconf 89' lang='lat' dir='ltr'><strong>locorum</strong></span> <span class='ocrx_word' id='word_1_131' title='bbox 658 2507 754 2586; x_wconf 90' lang='lat' dir='ltr'><strong>dicti</strong></span> <span class='ocrx_word' id='word_1_132' title='bbox 782 2508 961 2609; x_wconf 90' lang='lat' dir='ltr'><strong>Ordinis,</strong></span> <span class='ocrx_word' id='word_1_133' title='bbox 992 2533 1145 2592; x_wconf 92' lang='lat' dir='ltr'><strong>necnon</strong></span> <span class='ocrx_word' id='word_1_134' title='bbox 1173 2509 1398 2614; x_wconf 81' lang='lat' dir='ltr'><strong>privilegiis,</strong></span> <span class='ocrx_word' id='word_1_135' title='bbox 1429 2519 1466 2590; x_wconf 88' lang='lat' dir='ltr'><strong>et</strong></span> <span class='ocrx_word' id='word_1_136' title='bbox 1494 2508 1816 2590; x_wconf 87' lang='lat' dir='ltr'><strong>concessionibus</strong></span> 
     </span>
     <span class='ocr_line' id='line_1_18' title="bbox 138 2623 1815 2731; baseline -0.002 -23"><span class='ocrx_word' id='word_1_137' title='bbox 138 2624 396 2731; x_wconf 74' lang='lat' dir='ltr'><strong>Apostolicis,</strong></span> <span class='ocrx_word' id='word_1_138' title='bbox 427 2625 467 2701; x_wconf 91' lang='lat' dir='ltr'><strong>in</strong></span> <span class='ocrx_word' id='word_1_139' title='bbox 491 2647 657 2725; x_wconf 77' lang='lat' dir='ltr'><strong>genere„</strong></span> <span class='ocrx_word' id='word_1_140' title='bbox 679 2623 738 2704; x_wconf 86' lang='lat' dir='ltr'><strong>vel</strong></span> <span class='ocrx_word' id='word_1_141' title='bbox 767 2625 806 2701; x_wconf 90' lang='lat' dir='ltr'><strong>in</strong></span> <span class='ocrx_word' id='word_1_142' title='bbox 835 2627 978 2725; x_wconf 88' lang='lat' dir='ltr'><strong>specie,</strong></span> <span class='ocrx_word' id='word_1_143' title='bbox 1009 2627 1215 2728; x_wconf 85' lang='lat' dir='ltr'><strong>quibusvis</strong></span> <span class='ocrx_word' id='word_1_144' title='bbox 1239 2625 1456 2723; x_wconf 84' lang='lat' dir='ltr'><strong>Fratribus,</strong></span> <span class='ocrx_word' id='word_1_145' title='bbox 1483 2625 1715 2722; x_wconf 81' lang='lat' dir='ltr'><strong>Provinciis,</strong></span> <span class='ocrx_word' id='word_1_146' title='bbox 1746 2648 1815 2704; x_wconf 91' lang='lat' dir='ltr'><strong>seu</strong></span> 
     </span>
     <span class='ocr_line' id='line_1_19' title="bbox 138 2739 1818 2844; baseline -0.001 -23"><span class='ocrx_word' id='word_1_147' title='bbox 138 2744 242 2824; x_wconf 90' lang='lat' dir='ltr'><strong>locis</strong></span> <span class='ocrx_word' id='word_1_148' title='bbox 278 2741 507 2833; x_wconf 79' lang='lat' dir='ltr'><strong>concessis,</strong></span> <span class='ocrx_word' id='word_1_149' title='bbox 546 2762 613 2819; x_wconf 92' lang='lat' dir='ltr'><strong>seu</strong></span> <span class='ocrx_word' id='word_1_150' title='bbox 640 2739 785 2837; x_wconf 86' lang='lat' dir='ltr'><strong>factis,</strong></span> <span class='ocrx_word' id='word_1_151' title='bbox 825 2752 891 2821; x_wconf 91' lang='lat' dir='ltr'><strong>aut</strong></span> <span class='ocrx_word' id='word_1_152' title='bbox 919 2742 1217 2840; x_wconf 87' lang='lat' dir='ltr'><strong>concedendis,</strong></span> <span class='ocrx_word' id='word_1_153' title='bbox 1247 2743 1307 2821; x_wconf 81' lang='lat' dir='ltr'><strong>uel</strong></span> <span class='ocrx_word' id='word_1_154' title='bbox 1334 2742 1553 2832; x_wconf 84' lang='lat' dir='ltr'><strong>iaciendis,</strong></span> <span class='ocrx_word' id='word_1_155' title='bbox 1581 2741 1654 2822; x_wconf 93' lang='lat' dir='ltr'><strong>sub</strong></span> <span class='ocrx_word' id='word_1_156' title='bbox 1681 2743 1818 2844; x_wconf 84' lang='lat' dir='ltr'><strong>quavis</strong></span> 
     </span>
     <span class='ocr_line' id='line_1_20' title="bbox 138 2856 1816 2958; baseline -0.001 -22"><span class='ocrx_word' id='word_1_157' title='bbox 138 2861 270 2940; x_wconf 87' lang='lat' dir='ltr'><strong>t’orma</strong></span> <span class='ocrx_word' id='word_1_158' title='bbox 299 2869 338 2937; x_wconf 88' lang='lat' dir='ltr'><strong>et</strong></span> <span class='ocrx_word' id='word_1_159' title='bbox 368 2858 618 2958; x_wconf 83' lang='lat' dir='ltr'><strong>expressione</strong></span> <span class='ocrx_word' id='word_1_160' title='bbox 653 2856 899 2955; x_wconf 87' lang='lat' dir='ltr'><strong>verborum,</strong></span> <span class='ocrx_word' id='word_1_161' title='bbox 937 2859 1055 2937; x_wconf 85' lang='lat' dir='ltr'><strong>etiam</strong></span> <span class='ocrx_word' id='word_1_162' title='bbox 1087 2860 1120 2938; x_wconf 93' lang='lat' dir='ltr'><strong>si</strong></span> <span class='ocrx_word' id='word_1_163' title='bbox 1155 2860 1204 2937; x_wconf 91' lang='lat' dir='ltr'><strong>de</strong></span> <span class='ocrx_word' id='word_1_164' title='bbox 1241 2860 1297 2938; x_wconf 90' lang='lat' dir='ltr'><strong>eis</strong></span> <span class='ocrx_word' id='word_1_165' title='bbox 1328 2860 1377 2937; x_wconf 92' lang='lat' dir='ltr'><strong>de</strong></span> <span class='ocrx_word' id='word_1_166' title='bbox 1414 2859 1533 2938; x_wconf 88' lang='lat' dir='ltr'><strong>verbo</strong></span> <span class='ocrx_word' id='word_1_167' title='bbox 1568 2857 1816 2938; x_wconf 85' lang='lat' dir='ltr'><strong>adverbum</strong></span> 
     </span>
     <span class='ocr_line' id='line_1_21' title="bbox 141 2973 1814 3078; baseline -0.002 -24"><span class='ocrx_word' id='word_1_168' title='bbox 141 2973 324 3055; x_wconf 82' lang='lat' dir='ltr'><strong>babendo</strong></span> <span class='ocrx_word' id='word_1_169' title='bbox 356 2983 460 3053; x_wconf 88' lang='lat' dir='ltr'><strong>esset</strong></span> <span class='ocrx_word' id='word_1_170' title='bbox 489 2974 529 3051; x_wconf 91' lang='lat' dir='ltr'><strong>in</strong></span> <span class='ocrx_word' id='word_1_171' title='bbox 564 2974 840 3076; x_wconf 88' lang='lat' dir='ltr'><strong>praesentibus</strong></span> <span class='ocrx_word' id='word_1_172' title='bbox 872 2975 1021 3078; x_wconf 83' lang='lat' dir='ltr'><strong>mentio</strong></span> <span class='ocrx_word' id='word_1_173' title='bbox 1057 2974 1238 3077; x_wconf 87' lang='lat' dir='ltr'><strong>specialis</strong></span> <span class='ocrx_word' id='word_1_174' title='bbox 1268 3004 1276 3051; x_wconf 94' lang='lat'>:</span> <span class='ocrx_word' id='word_1_175' title='bbox 1306 2985 1345 3053; x_wconf 90' lang='lat' dir='ltr'><strong>et</strong></span> <span class='ocrx_word' id='word_1_176' title='bbox 1377 2973 1466 3053; x_wconf 90' lang='lat' dir='ltr'><strong>aliis</strong></span> <span class='ocrx_word' id='word_1_177' title='bbox 1500 2974 1709 3056; x_wconf 90' lang='lat' dir='ltr'><strong>contrariis</strong></span> <span class='ocrx_word' id='word_1_178' title='bbox 1736 2996 1814 3053; x_wconf 92' lang='lat' dir='ltr'><strong>non</strong></span> 
     </span>
     <span class='ocr_line' id='line_1_22' title="bbox 138 3089 1815 3190; baseline -0.001 -20"><span class='ocrx_word' id='word_1_179' title='bbox 138 3089 393 3171; x_wconf 86' lang='lat' dir='ltr'><strong>obstantibus</strong></span> <span class='ocrx_word' id='word_1_180' title='bbox 427 3089 756 3190; x_wconf 88' lang='lat' dir='ltr'><strong>quibuscumque.</strong></span> <span class='ocrx_word' id='word_1_181' title='bbox 793 3089 870 3170; x_wconf 92' lang='lat' dir='ltr'><strong>Nos</strong></span> <span class='ocrx_word' id='word_1_182' title='bbox 905 3092 1010 3169; x_wconf 86' lang='lat' dir='ltr'><strong>eninr</strong></span> <span class='ocrx_word' id='word_1_183' title='bbox 1046 3115 1092 3170; x_wconf 89' lang='lat' dir='ltr'><strong>ex</strong></span> <span class='ocrx_word' id='word_1_184' title='bbox 1130 3115 1234 3169; x_wconf 91' lang='lat' dir='ltr'><strong>nunc</strong></span> <span class='ocrx_word' id='word_1_185' title='bbox 1266 3090 1422 3170; x_wconf 92' lang='lat' dir='ltr'><strong>irritum</strong></span> <span class='ocrx_word' id='word_1_186' title='bbox 1458 3090 1738 3186; x_wconf 89' lang='lat' dir='ltr'><strong>decernimus,</strong></span> <span class='ocrx_word' id='word_1_187' title='bbox 1778 3102 1815 3168; x_wconf 91' lang='lat' dir='ltr'><strong>et</strong></span> 
     </span>
     <span class='ocr_line' id='line_1_23' title="bbox 139 3205 1814 3309; baseline -0.002 -24"><span class='ocrx_word' id='word_1_188' title='bbox 139 3210 259 3287; x_wconf 89' lang='lat' dir='ltr'><strong>inane</strong></span> <span class='ocrx_word' id='word_1_189' title='bbox 281 3235 288 3282; x_wconf 95' lang='lat'>:</span> <span class='ocrx_word' id='word_1_190' title='bbox 311 3206 343 3284; x_wconf 93' lang='lat' dir='ltr'><strong>si</strong></span> <span class='ocrx_word' id='word_1_191' title='bbox 364 3228 475 3284; x_wconf 89' lang='lat' dir='ltr'><strong>secus</strong></span> <span class='ocrx_word' id='word_1_192' title='bbox 493 3205 689 3306; x_wconf 89' lang='lat' dir='ltr'><strong>superbis</strong></span> <span class='ocrx_word' id='word_1_193' title='bbox 708 3229 731 3281; x_wconf 87' lang='lat' dir='ltr'><strong>a</strong></span> <span class='ocrx_word' id='word_1_194' title='bbox 750 3228 1015 3309; x_wconf 88' lang='lat' dir='ltr'><strong>quocumque,</strong></span> <span class='ocrx_word' id='word_1_195' title='bbox 1033 3208 1169 3308; x_wconf 71' lang='lat' dir='ltr'><strong>(quavis</strong></span> <span class='ocrx_word' id='word_1_196' title='bbox 1185 3208 1428 3305; x_wconf 88' lang='lat' dir='ltr'><strong>auctoritate,</strong></span> <span class='ocrx_word' id='word_1_197' title='bbox 1448 3209 1616 3287; x_wconf 88' lang='lat' dir='ltr'><strong>scienter</strong></span> <span class='ocrx_word' id='word_1_198' title='bbox 1633 3205 1691 3285; x_wconf 87' lang='lat' dir='ltr'><strong>vel</strong></span> <span class='ocrx_word' id='word_1_199' title='bbox 1710 3207 1814 3305; x_wconf 73' lang='lat' dir='ltr'><strong>igno</strong></span> 
     </span>
     <span class='ocr_line' id='line_1_24' title="bbox 140 3321 714 3424; baseline -0.014 -17"><span class='ocrx_word' id='word_1_200' title='bbox 140 3332 273 3407; x_wconf 88' lang='lat' dir='ltr'><strong>ranter</strong></span> <span class='ocrx_word' id='word_1_201' title='bbox 289 3321 498 3424; x_wconf 84' lang='lat' dir='ltr'><strong>contigerit</strong></span> <span class='ocrx_word' id='word_1_202' title='bbox 515 3322 714 3401; x_wconf 87' lang='lat' dir='ltr'><strong>attentari.</strong></span> 
     </span>
    </p>

    <p class='ocr_par' dir='ltr' id='par_1_5' title="bbox 137 3437 1816 4570">
     <span class='ocr_line' id='line_1_25' title="bbox 189 3437 1814 3542; baseline -0.004 -21"><span class='ocrx_word' id='word_1_203' title='bbox 189 3443 289 3521; x_wconf 87' lang='lat' dir='ltr'><strong>Item</strong></span> <span class='ocrx_word' id='word_1_204' title='bbox 334 3439 542 3518; x_wconf 80' lang='lat' dir='ltr'><strong>statuimus</strong></span> <span class='ocrx_word' id='word_1_205' title='bbox 580 3447 618 3517; x_wconf 90' lang='lat' dir='ltr'><strong>et</strong></span> <span class='ocrx_word' id='word_1_206' title='bbox 661 3440 897 3518; x_wconf 87' lang='lat' dir='ltr'><strong>ordinamus</strong></span> <span class='ocrx_word' id='word_1_207' title='bbox 929 3470 936 3517; x_wconf 92' lang='lat'>:</span> <span class='ocrx_word' id='word_1_208' title='bbox 964 3441 1074 3541; x_wconf 91' lang='lat' dir='ltr'><strong>qnod</strong></span> <span class='ocrx_word' id='word_1_209' title='bbox 1115 3463 1460 3542; x_wconf 88' lang='lat' dir='ltr'><strong>quorumcumque</strong></span> <span class='ocrx_word' id='word_1_210' title='bbox 1503 3437 1814 3518; x_wconf 85' lang='lat' dir='ltr'><strong>Mendicantium</strong></span> 
     </span>
     <span class='ocr_line' id='line_1_26' title="bbox 140 3554 1815 3655; baseline -0.002 -19"><span class='ocrx_word' id='word_1_211' title='bbox 140 3555 337 3636; x_wconf 89' lang='lat' dir='ltr'><strong>Ordinum</strong></span> <span class='ocrx_word' id='word_1_212' title='bbox 367 3554 534 3651; x_wconf 67' lang='lat' dir='ltr'><strong>Fratres</strong></span> <span class='ocrx_word' id='word_1_213' title='bbox 563 3554 789 3655; x_wconf 83' lang='lat' dir='ltr'><strong>hujusmodi</strong></span> <span class='ocrx_word' id='word_1_214' title='bbox 819 3557 1139 3636; x_wconf 89' lang='lat' dir='ltr'><strong>Praedicatorum</strong></span> <span class='ocrx_word' id='word_1_215' title='bbox 1171 3557 1337 3635; x_wconf 88' lang='lat' dir='ltr'><strong>Ordinis</strong></span> <span class='ocrx_word' id='word_1_216' title='bbox 1367 3558 1534 3651; x_wconf 85' lang='lat' dir='ltr'><strong>Fratres,</strong></span> <span class='ocrx_word' id='word_1_217' title='bbox 1555 3561 1623 3634; x_wconf 91' lang='lat' dir='ltr'><strong>aut</strong></span> <span class='ocrx_word' id='word_1_218' title='bbox 1649 3554 1815 3634; x_wconf 88' lang='lat' dir='ltr'><strong>Sorores</strong></span> 
     </span>
     <span class='ocr_line' id='line_1_27' title="bbox 139 3670 1816 3775; baseline -0.002 -21"><span class='ocrx_word' id='word_1_219' title='bbox 139 3674 340 3775; x_wconf 75' lang='lat' dir='ltr'><strong>subJeetas</strong></span> <span class='ocrx_word' id='word_1_220' title='bbox 366 3670 532 3762; x_wconf 90' lang='lat' dir='ltr'><strong>eisdem,</strong></span> <span class='ocrx_word' id='word_1_221' title='bbox 562 3671 601 3746; x_wconf 93' lang='lat' dir='ltr'><strong>in</strong></span> <span class='ocrx_word' id='word_1_222' title='bbox 632 3671 808 3773; x_wconf 90' lang='lat' dir='ltr'><strong>ipsorum</strong></span> <span class='ocrx_word' id='word_1_223' title='bbox 837 3682 902 3752; x_wconf 89' lang='lat' dir='ltr'><strong>aut</strong></span> <span class='ocrx_word' id='word_1_224' title='bbox 930 3673 1129 3751; x_wconf 89' lang='lat' dir='ltr'><strong>dictorum</strong></span> <span class='ocrx_word' id='word_1_225' title='bbox 1153 3673 1323 3753; x_wconf 89' lang='lat' dir='ltr'><strong>aliorum</strong></span> <span class='ocrx_word' id='word_1_226' title='bbox 1352 3672 1549 3751; x_wconf 90' lang='lat' dir='ltr'><strong>Ordinum</strong></span> <span class='ocrx_word' id='word_1_227' title='bbox 1579 3672 1732 3749; x_wconf 92' lang='lat' dir='ltr'><strong>Fratres</strong></span> <span class='ocrx_word' id='word_1_228' title='bbox 1750 3681 1816 3750; x_wconf 89' lang='lat' dir='ltr'><strong>aut</strong></span> 
     </span>
     <span class='ocr_line' id='line_1_28' title="bbox 139 3787 1816 3891; baseline -0.004 -20"><span class='ocrx_word' id='word_1_229' title='bbox 139 3791 322 3884; x_wconf 89' lang='lat' dir='ltr'><strong>Sorores,</strong></span> <span class='ocrx_word' id='word_1_230' title='bbox 351 3787 469 3866; x_wconf 89' lang='lat' dir='ltr'><strong>etiam</strong></span> <span class='ocrx_word' id='word_1_231' title='bbox 497 3787 630 3889; x_wconf 72' lang='lat' dir='ltr'><strong>vigore</strong></span> <span class='ocrx_word' id='word_1_232' title='bbox 656 3810 1001 3890; x_wconf 89' lang='lat' dir='ltr'><strong>quarumcumque</strong></span> <span class='ocrx_word' id='word_1_233' title='bbox 1021 3789 1241 3869; x_wconf 88' lang='lat' dir='ltr'><strong>litterarum</strong></span> <span class='ocrx_word' id='word_1_234' title='bbox 1264 3788 1580 3891; x_wconf 77' lang='lat' dir='ltr'><strong>Apostolicarum</strong></span> <span class='ocrx_word' id='word_1_235' title='bbox 1602 3787 1816 3890; x_wconf 87' lang='lat' dir='ltr'><strong>superbae</strong></span> 
     </span>
     <span class='ocr_line' id='line_1_29' title="bbox 143 3903 1814 4006; baseline -0.001 -22"><span class='ocrx_word' id='word_1_236' title='bbox 143 3909 332 3985; x_wconf 83' lang='lat' dir='ltr'><strong>hactenus</strong></span> <span class='ocrx_word' id='word_1_237' title='bbox 359 3903 491 3982; x_wconf 83' lang='lat' dir='ltr'><strong>forsan</strong></span> <span class='ocrx_word' id='word_1_238' title='bbox 534 3926 845 4000; x_wconf 88' lang='lat' dir='ltr'><strong>concessarum,</strong></span> <span class='ocrx_word' id='word_1_239' title='bbox 890 3904 949 3982; x_wconf 84' lang='lat' dir='ltr'><strong>vel</strong></span> <span class='ocrx_word' id='word_1_240' title='bbox 979 3905 1018 3980; x_wconf 92' lang='lat' dir='ltr'><strong>in</strong></span> <span class='ocrx_word' id='word_1_241' title='bbox 1048 3916 1249 4006; x_wconf 87' lang='lat' dir='ltr'><strong>posterum</strong></span> <span class='ocrx_word' id='word_1_242' title='bbox 1277 3904 1655 4001; x_wconf 85' lang='lat' dir='ltr'><strong>concedendarum,</strong></span> <span class='ocrx_word' id='word_1_243' title='bbox 1697 3904 1814 3983; x_wconf 88' lang='lat' dir='ltr'><strong>etiam</strong></span> 
     </span>
     <span class='ocr_line' id='line_1_30' title="bbox 139 4019 1814 4125; baseline -0.003 -24"><span class='ocrx_word' id='word_1_244' title='bbox 139 4021 247 4125; x_wconf 88' lang='lat' dir='ltr'><strong>quod</strong></span> <span class='ocrx_word' id='word_1_245' title='bbox 276 4019 326 4097; x_wconf 92' lang='lat' dir='ltr'><strong>ad</strong></span> <span class='ocrx_word' id='word_1_246' title='bbox 345 4041 481 4120; x_wconf 88' lang='lat' dir='ltr'><strong>parem</strong></span> <span class='ocrx_word' id='word_1_247' title='bbox 507 4019 566 4097; x_wconf 85' lang='lat' dir='ltr'><strong>vel</strong></span> <span class='ocrx_word' id='word_1_248' title='bbox 585 4021 794 4099; x_wconf 86' lang='lat' dir='ltr'><strong>arctiorem</strong></span> <span class='ocrx_word' id='word_1_249' title='bbox 813 4023 983 4100; x_wconf 91' lang='lat' dir='ltr'><strong>transire</strong></span> <span class='ocrx_word' id='word_1_250' title='bbox 1004 4023 1157 4122; x_wconf 88' lang='lat' dir='ltr'><strong>possint</strong></span> <span class='ocrx_word' id='word_1_251' title='bbox 1181 4022 1376 4100; x_wconf 89' lang='lat' dir='ltr'><strong>Ordinem</strong></span> <span class='ocrx_word' id='word_1_252' title='bbox 1395 4020 1713 4112; x_wconf 90' lang='lat' dir='ltr'><strong>continentium;</strong></span> <span class='ocrx_word' id='word_1_253' title='bbox 1740 4020 1814 4098; x_wconf 91' lang='lat' dir='ltr'><strong>nisi</strong></span> 
     </span>
     <span class='ocr_line' id='line_1_31' title="bbox 139 4136 1816 4239; baseline -0.003 -21"><span class='ocrx_word' id='word_1_254' title='bbox 139 4141 178 4218; x_wconf 93' lang='lat' dir='ltr'><strong>in</strong></span> <span class='ocrx_word' id='word_1_255' title='bbox 198 4137 349 4218; x_wconf 87' lang='lat' dir='ltr'><strong>eisdem</strong></span> <span class='ocrx_word' id='word_1_256' title='bbox 367 4137 417 4215; x_wconf 89' lang='lat' dir='ltr'><strong>de</strong></span> <span class='ocrx_word' id='word_1_257' title='bbox 435 4136 670 4233; x_wconf 91' lang='lat' dir='ltr'><strong>Ordinibus,</strong></span> <span class='ocrx_word' id='word_1_258' title='bbox 687 4139 895 4238; x_wconf 89' lang='lat' dir='ltr'><strong>exquibus</strong></span> <span class='ocrx_word' id='word_1_259' title='bbox 913 4138 1114 4234; x_wconf 88' lang='lat' dir='ltr'><strong>recedunt,</strong></span> <span class='ocrx_word' id='word_1_260' title='bbox 1134 4151 1170 4218; x_wconf 89' lang='lat' dir='ltr'><strong>et</strong></span> <span class='ocrx_word' id='word_1_261' title='bbox 1189 4138 1238 4216; x_wconf 91' lang='lat' dir='ltr'><strong>ad</strong></span> <span class='ocrx_word' id='word_1_262' title='bbox 1252 4161 1353 4239; x_wconf 70' lang='lat' dir='ltr'><strong>(quos</strong></span> <span class='ocrx_word' id='word_1_263' title='bbox 1369 4137 1572 4234; x_wconf 87' lang='lat' dir='ltr'><strong>accedunt,</strong></span> <span class='ocrx_word' id='word_1_264' title='bbox 1591 4147 1627 4215; x_wconf 91' lang='lat' dir='ltr'><strong>et</strong></span> <span class='ocrx_word' id='word_1_265' title='bbox 1647 4137 1699 4216; x_wconf 88' lang='lat' dir='ltr'><strong>ad</strong></span> <span class='ocrx_word' id='word_1_266' title='bbox 1715 4158 1816 4237; x_wconf 88' lang='lat' dir='ltr'><strong>quos</strong></span> 
     </span>
     <span class='ocr_line' id='line_1_32' title="bbox 138 4253 1814 4356; baseline -0.004 -20"><span class='ocrx_word' id='word_1_267' title='bbox 138 4253 400 4337; x_wconf 85' lang='lat' dir='ltr'><strong>transierendi</strong></span> <span class='ocrx_word' id='word_1_268' title='bbox 436 4276 477 4330; x_wconf 87' lang='lat' dir='ltr'><strong>sc</strong></span> <span class='ocrx_word' id='word_1_269' title='bbox 513 4253 712 4332; x_wconf 89' lang='lat' dir='ltr'><strong>licentiam</strong></span> <span class='ocrx_word' id='word_1_270' title='bbox 752 4255 1011 4349; x_wconf 88' lang='lat' dir='ltr'><strong>obtinuerint,</strong></span> <span class='ocrx_word' id='word_1_271' title='bbox 1044 4279 1194 4334; x_wconf 88' lang='lat' dir='ltr'><strong>necnon</strong></span> <span class='ocrx_word' id='word_1_272' title='bbox 1222 4256 1272 4334; x_wconf 92' lang='lat' dir='ltr'><strong>de</strong></span> <span class='ocrx_word' id='word_1_273' title='bbox 1301 4255 1585 4356; x_wconf 76' lang='lat' dir='ltr'><strong>prementibus,</strong></span> <span class='ocrx_word' id='word_1_274' title='bbox 1620 4263 1659 4332; x_wconf 90' lang='lat' dir='ltr'><strong>et</strong></span> <span class='ocrx_word' id='word_1_275' title='bbox 1679 4274 1814 4331; x_wconf 85' lang='lat' dir='ltr'><strong>aarum</strong></span> 
     </span>
     <span class='ocr_line' id='line_1_33' title="bbox 139 4369 1816 4473; baseline -0.003 -21"><span class='ocrx_word' id='word_1_276' title='bbox 139 4383 223 4455; x_wconf 91' lang='lat' dir='ltr'><strong>toto</strong></span> <span class='ocrx_word' id='word_1_277' title='bbox 256 4376 393 4450; x_wconf 87' lang='lat' dir='ltr'><strong>tenore</strong></span> <span class='ocrx_word' id='word_1_278' title='bbox 422 4369 604 4471; x_wconf 86' lang='lat' dir='ltr'><strong>specialis</strong></span> <span class='ocrx_word' id='word_1_279' title='bbox 636 4382 674 4450; x_wconf 87' lang='lat' dir='ltr'><strong>et</strong></span> <span class='ocrx_word' id='word_1_280' title='bbox 699 4393 884 4473; x_wconf 83' lang='lat' dir='ltr'><strong>expressa</strong></span> <span class='ocrx_word' id='word_1_281' title='bbox 922 4372 1070 4450; x_wconf 90' lang='lat' dir='ltr'><strong>mentio</strong></span> <span class='ocrx_word' id='word_1_282' title='bbox 1099 4372 1289 4451; x_wconf 85' lang='lat' dir='ltr'><strong>habeatur</strong></span> <span class='ocrx_word' id='word_1_283' title='bbox 1318 4401 1326 4449; x_wconf 92' lang='lat'>:</span> <span class='ocrx_word' id='word_1_284' title='bbox 1354 4373 1526 4473; x_wconf 90' lang='lat' dir='ltr'><strong>recipere</strong></span> <span class='ocrx_word' id='word_1_285' title='bbox 1555 4391 1633 4448; x_wconf 92' lang='lat' dir='ltr'><strong>non</strong></span> <span class='ocrx_word' id='word_1_286' title='bbox 1663 4369 1816 4469; x_wconf 86' lang='lat' dir='ltr'><strong>possint</strong></span> 
     </span>
     <span class='ocr_line' id='line_1_34' title="bbox 137 4485 417 4570; baseline -0.025 0"><span class='ocrx_word' id='word_1_287' title='bbox 137 4495 204 4570; x_wconf 89' lang='lat' dir='ltr'><strong>aut</strong></span> <span class='ocrx_word' id='word_1_288' title='bbox 230 4485 417 4566; x_wconf 88' lang='lat' dir='ltr'><strong>debeant.</strong></span> 
     </span>
    </p>

    <p class='ocr_par' dir='ltr' id='par_1_6' title="bbox 135 4604 1958 5525">
     <span class='ocr_line' id='line_1_35' title="bbox 189 4604 1817 4706; baseline 0 -21"><span class='ocrx_word' id='word_1_289' title='bbox 189 4604 388 4706; x_wconf 81' lang='lat' dir='ltr'><strong>Quodque</strong></span> <span class='ocrx_word' id='word_1_290' title='bbox 415 4604 547 4685; x_wconf 91' lang='lat' dir='ltr'><strong>nullus</strong></span> <span class='ocrx_word' id='word_1_291' title='bbox 575 4630 622 4682; x_wconf 84' lang='lat' dir='ltr'><strong>ax</strong></span> <span class='ocrx_word' id='word_1_292' title='bbox 645 4606 861 4702; x_wconf 85' lang='lat' dir='ltr'><strong>Fratribus,</strong></span> <span class='ocrx_word' id='word_1_293' title='bbox 883 4614 920 4683; x_wconf 89' lang='lat' dir='ltr'><strong>et</strong></span> <span class='ocrx_word' id='word_1_294' title='bbox 949 4606 1164 4685; x_wconf 89' lang='lat' dir='ltr'><strong>Sororibus</strong></span> <span class='ocrx_word' id='word_1_295' title='bbox 1187 4608 1502 4687; x_wconf 81' lang='lat' dir='ltr'><strong>Praedicatorum</strong></span> <span class='ocrx_word' id='word_1_296' title='bbox 1522 4606 1664 4683; x_wconf 90' lang='lat' dir='ltr'><strong>Ordini</strong></span> <span class='ocrx_word' id='word_1_297' title='bbox 1690 4606 1817 4706; x_wconf 91' lang='lat' dir='ltr'><strong>subje-</strong></span> 
     </span>
     <span class='ocr_line' id='line_1_36' title="bbox 140 4719 1814 4824; baseline -0.002 -22"><span class='ocrx_word' id='word_1_298' title='bbox 140 4725 229 4819; x_wconf 91' lang='lat' dir='ltr'><strong>ctis,</strong></span> <span class='ocrx_word' id='word_1_299' title='bbox 268 4719 438 4822; x_wconf 89' lang='lat' dir='ltr'><strong>aliquem</strong></span> <span class='ocrx_word' id='word_1_300' title='bbox 475 4722 534 4798; x_wconf 83' lang='lat' dir='ltr'><strong>vel</strong></span> <span class='ocrx_word' id='word_1_301' title='bbox 569 4721 745 4823; x_wconf 89' lang='lat' dir='ltr'><strong>aliquam</strong></span> <span class='ocrx_word' id='word_1_302' title='bbox 779 4744 825 4799; x_wconf 85' lang='lat' dir='ltr'><strong>ax</strong></span> <span class='ocrx_word' id='word_1_303' title='bbox 858 4721 1062 4800; x_wconf 90' lang='lat' dir='ltr'><strong>Fratribus</strong></span> <span class='ocrx_word' id='word_1_304' title='bbox 1089 4735 1153 4802; x_wconf 90' lang='lat' dir='ltr'><strong>ant</strong></span> <span class='ocrx_word' id='word_1_305' title='bbox 1182 4722 1396 4804; x_wconf 85' lang='lat' dir='ltr'><strong>Sororibus</strong></span> <span class='ocrx_word' id='word_1_306' title='bbox 1424 4722 1655 4824; x_wconf 85' lang='lat' dir='ltr'><strong>hujusmodi</strong></span> <span class='ocrx_word' id='word_1_307' title='bbox 1681 4744 1814 4802; x_wconf 88' lang='lat' dir='ltr'><strong>coram</strong></span> 
     </span>
     <span class='ocr_line' id='line_1_37' title="bbox 135 4837 1817 4943; baseline -0.002 -23"><span class='ocrx_word' id='word_1_308' title='bbox 135 4859 390 4943; x_wconf 89' lang='lat' dir='ltr'><strong>quocumque</strong></span> <span class='ocrx_word' id='word_1_309' title='bbox 420 4837 581 4936; x_wconf 86' lang='lat' dir='ltr'><strong>judice,</strong></span> <span class='ocrx_word' id='word_1_310' title='bbox 620 4841 688 4939; x_wconf 91' lang='lat' dir='ltr'><strong>qui</strong></span> <span class='ocrx_word' id='word_1_311' title='bbox 727 4862 805 4917; x_wconf 90' lang='lat' dir='ltr'><strong>non</strong></span> <span class='ocrx_word' id='word_1_312' title='bbox 844 4839 895 4916; x_wconf 91' lang='lat' dir='ltr'><strong>sit</strong></span> <span class='ocrx_word' id='word_1_313' title='bbox 924 4839 973 4916; x_wconf 90' lang='lat' dir='ltr'><strong>de</strong></span> <span class='ocrx_word' id='word_1_314' title='bbox 1010 4840 1117 4918; x_wconf 93' lang='lat' dir='ltr'><strong>dicto</strong></span> <span class='ocrx_word' id='word_1_315' title='bbox 1148 4841 1311 4935; x_wconf 87' lang='lat' dir='ltr'><strong>Ordine,</strong></span> <span class='ocrx_word' id='word_1_316' title='bbox 1344 4862 1390 4917; x_wconf 88' lang='lat' dir='ltr'><strong>ex</strong></span> <span class='ocrx_word' id='word_1_317' title='bbox 1425 4862 1676 4943; x_wconf 90' lang='lat' dir='ltr'><strong>quacumque</strong></span> <span class='ocrx_word' id='word_1_318' title='bbox 1703 4863 1817 4918; x_wconf 86' lang='lat' dir='ltr'><strong>causa</strong></span> 
     </span>
     <span class='ocr_line' id='line_1_38' title="bbox 138 4954 1958 5059; baseline -0.001 -22"><span class='ocrx_word' id='word_1_319' title='bbox 138 4954 365 5050; x_wconf 82' lang='lat' dir='ltr'><strong>convenire,</strong></span> <span class='ocrx_word' id='word_1_320' title='bbox 394 4977 462 5032; x_wconf 88' lang='lat' dir='ltr'><strong>seu</strong></span> <span class='ocrx_word' id='word_1_321' title='bbox 481 4955 606 5032; x_wconf 87' lang='lat' dir='ltr'><strong>lacere</strong></span> <span class='ocrx_word' id='word_1_322' title='bbox 625 4955 825 5033; x_wconf 76' lang='lat' dir='ltr'><strong>conveniri</strong></span> <span class='ocrx_word' id='word_1_323' title='bbox 852 4985 859 5030; x_wconf 94' lang='lat'>:</span> <span class='ocrx_word' id='word_1_324' title='bbox 883 4978 953 5033; x_wconf 88' lang='lat' dir='ltr'><strong>nec</strong></span> <span class='ocrx_word' id='word_1_325' title='bbox 977 4980 997 5033; x_wconf 89' lang='lat' dir='ltr'><strong>a</strong></span> <span class='ocrx_word' id='word_1_326' title='bbox 1022 4958 1266 5036; x_wconf 85' lang='lat' dir='ltr'><strong>correctione</strong></span> <span class='ocrx_word' id='word_1_327' title='bbox 1285 4979 1535 5059; x_wconf 87' lang='lat' dir='ltr'><strong>quacumque</strong></span> <span class='ocrx_word' id='word_1_328' title='bbox 1561 4981 1629 5037; x_wconf 90' lang='lat' dir='ltr'><strong>seu</strong></span> <span class='ocrx_word' id='word_1_329' title='bbox 1654 4955 1749 5035; x_wconf 89' lang='lat' dir='ltr'><strong>alias</strong></span> <span class='ocrx_word' id='word_1_330' title='bbox 1767 4957 1817 5034; x_wconf 89' lang='lat' dir='ltr'><strong>ab</strong></span> <span class='ocrx_word' id='word_1_331' title='bbox 1954 5026 1958 5035; x_wconf 93' lang='lat'><em>.</em></span> 
     </span>
     <span class='ocr_line' id='line_1_39' title="bbox 135 5059 1819 5175; baseline -0.001 -22"><span class='ocrx_word' id='word_1_332' title='bbox 135 5072 275 5174; x_wconf 87' lang='lat' dir='ltr'><strong>aliquo</strong></span> <span class='ocrx_word' id='word_1_333' title='bbox 304 5059 497 5157; x_wconf 84' lang='lat' dir='ltr'><strong>Praelata,</strong></span> <span class='ocrx_word' id='word_1_334' title='bbox 529 5095 595 5148; x_wconf 88' lang='lat' dir='ltr'><strong>scu</strong></span> <span class='ocrx_word' id='word_1_335' title='bbox 629 5074 762 5151; x_wconf 89' lang='lat' dir='ltr'><strong>Fratre</strong></span> <span class='ocrx_word' id='word_1_336' title='bbox 793 5072 887 5149; x_wconf 87' lang='lat' dir='ltr'><strong>dicti</strong></span> <span class='ocrx_word' id='word_1_337' title='bbox 918 5072 1099 5168; x_wconf 91' lang='lat' dir='ltr'><strong>Ordinis,</strong></span> <span class='ocrx_word' id='word_1_338' title='bbox 1122 5074 1259 5175; x_wconf 75' lang='lat' dir='ltr'><strong>quatis</strong></span> <span class='ocrx_word' id='word_1_339' title='bbox 1278 5072 1487 5152; x_wconf 86' lang='lat' dir='ltr'><strong>occasione</strong></span> <span class='ocrx_word' id='word_1_340' title='bbox 1505 5072 1719 5175; x_wconf 86' lang='lat' dir='ltr'><strong>appellare,</strong></span> <span class='ocrx_word' id='word_1_341' title='bbox 1749 5085 1819 5152; x_wconf 87' lang='lat' dir='ltr'><strong>aut</strong></span> 
     </span>
     <span class='ocr_line' id='line_1_40' title="bbox 136 5187 1818 5290; baseline -0.001 -21"><span class='ocrx_word' id='word_1_342' title='bbox 136 5198 277 5269; x_wconf 86' lang='lat' dir='ltr'><strong>eontra</strong></span> <span class='ocrx_word' id='word_1_343' title='bbox 301 5208 369 5264; x_wconf 91' lang='lat' dir='ltr'><strong>eos</strong></span> <span class='ocrx_word' id='word_1_344' title='bbox 399 5187 599 5287; x_wconf 86' lang='lat' dir='ltr'><strong>querelam</strong></span> <span class='ocrx_word' id='word_1_345' title='bbox 636 5212 858 5290; x_wconf 87' lang='lat' dir='ltr'><strong>proponere</strong></span> <span class='ocrx_word' id='word_1_346' title='bbox 888 5190 973 5279; x_wconf 74' lang='lat' dir='ltr'><strong>(nisi</strong></span> <span class='ocrx_word' id='word_1_347' title='bbox 1013 5189 1122 5290; x_wconf 88' lang='lat' dir='ltr'><strong>prius</strong></span> <span class='ocrx_word' id='word_1_348' title='bbox 1153 5212 1285 5267; x_wconf 86' lang='lat' dir='ltr'><strong>coram</strong></span> <span class='ocrx_word' id='word_1_349' title='bbox 1318 5190 1589 5284; x_wconf 69' lang='lat' dir='ltr'><strong>moventem,</strong></span> <span class='ocrx_word' id='word_1_350' title='bbox 1622 5212 1689 5268; x_wconf 90' lang='lat' dir='ltr'><strong>sen</strong></span> <span class='ocrx_word' id='word_1_351' title='bbox 1725 5190 1818 5267; x_wconf 88' lang='lat' dir='ltr'><strong>Pro-</strong></span> 
     </span>
     <span class='ocr_line' id='line_1_41' title="bbox 138 5301 1817 5407; baseline -0.002 -24"><span class='ocrx_word' id='word_1_352' title='bbox 138 5301 299 5384; x_wconf 77' lang='lat' dir='ltr'><strong>uinciali</strong></span> <span class='ocrx_word' id='word_1_353' title='bbox 339 5302 488 5397; x_wconf 88' lang='lat' dir='ltr'><strong>Priore,</strong></span> <span class='ocrx_word' id='word_1_354' title='bbox 519 5328 587 5382; x_wconf 87' lang='lat' dir='ltr'><strong>scu</strong></span> <span class='ocrx_word' id='word_1_355' title='bbox 619 5306 836 5407; x_wconf 74' lang='lat' dir='ltr'><strong>Magistro,</strong></span> <span class='ocrx_word' id='word_1_356' title='bbox 873 5317 909 5381; x_wconf 90' lang='lat' dir='ltr'><strong>et</strong></span> <span class='ocrx_word' id='word_1_357' title='bbox 945 5307 1163 5384; x_wconf 81' lang='lat' dir='ltr'><strong>successive</strong></span> <span class='ocrx_word' id='word_1_358' title='bbox 1199 5308 1239 5383; x_wconf 91' lang='lat' dir='ltr'><strong>in</strong></span> <span class='ocrx_word' id='word_1_359' title='bbox 1276 5305 1457 5385; x_wconf 76' lang='lat' dir='ltr'><strong>Generali</strong></span> <span class='ocrx_word' id='word_1_360' title='bbox 1502 5305 1683 5407; x_wconf 83' lang='lat' dir='ltr'><strong>Capitulo</strong></span> <span class='ocrx_word' id='word_1_361' title='bbox 1722 5304 1817 5384; x_wconf 89' lang='lat' dir='ltr'><strong>dicti</strong></span> 
     </span>
     <span class='ocr_line' id='line_1_42' title="bbox 137 5419 1821 5525; baseline -0.004 -21"><span class='ocrx_word' id='word_1_362' title='bbox 137 5420 306 5504; x_wconf 91' lang='lat' dir='ltr'><strong>Ordinis</strong></span> <span class='ocrx_word' id='word_1_363' title='bbox 338 5442 508 5516; x_wconf 91' lang='lat' dir='ltr'><strong>causam,</strong></span> <span class='ocrx_word' id='word_1_364' title='bbox 543 5421 602 5498; x_wconf 82' lang='lat' dir='ltr'><strong>vel</strong></span> <span class='ocrx_word' id='word_1_365' title='bbox 641 5422 842 5525; x_wconf 89' lang='lat' dir='ltr'><strong>querelam</strong></span> <span class='ocrx_word' id='word_1_366' title='bbox 876 5444 987 5499; x_wconf 87' lang='lat' dir='ltr'><strong>suam</strong></span> <span class='ocrx_word' id='word_1_367' title='bbox 1025 5423 1289 5525; x_wconf 90' lang='lat' dir='ltr'><strong>proposuerit,</strong></span> <span class='ocrx_word' id='word_1_368' title='bbox 1329 5421 1535 5500; x_wconf 70' lang='lat' dir='ltr'><strong>verbovel</strong></span> <span class='ocrx_word' id='word_1_369' title='bbox 1573 5419 1821 5523; x_wconf 88' lang='lat' dir='ltr'><strong>inscriptis)</strong></span> 
     </span>
    </p>
   </div>
   <div class='ocr_carea' id='block_1_4' title="bbox 136 5535 1962 5732">
    <p class='ocr_par' dir='ltr' id='par_1_7' title="bbox 136 5535 1962 5732">
     <span class='ocr_line' id='line_1_43' title="bbox 136 5535 1962 5732; baseline -0.005 -113"><span class='ocrx_word' id='word_1_370' title='bbox 136 5535 271 5644; x_wconf 89' lang='lat' dir='ltr'><strong>possit</strong></span> <span class='ocrx_word' id='word_1_371' title='bbox 303 5543 371 5614; x_wconf 87' lang='lat' dir='ltr'><strong>aut</strong></span> <span class='ocrx_word' id='word_1_372' title='bbox 402 5538 556 5617; x_wconf 88' lang='lat' dir='ltr'><strong>debeat.</strong></span> <span class='ocrx_word' id='word_1_373' title='bbox 1759 5600 1962 5732; x_wconf 55' lang='lat'><strong>.*</strong></span> 
     </span>
    </p>
   </div>
   <div class='ocr_carea' id='block_1_5' title="bbox 0 0 2000 6082">
    <p class='ocr_par' dir='ltr' id='par_1_8' title="bbox 0 0 2000 6082">
     <span class='ocr_line' id='line_1_44' title="bbox 0 0 2000 6082; baseline 0 0"><span class='ocrx_word' id='word_1_374' title='bbox 0 0 2000 6082; x_wconf 95' lang='lat' dir='ltr'><strong> </strong></span> 
     </span>
    </p>
   </div>
  </div>
 </body>
</html>
