3990 6082
184 346 290 451 lot
894 324 1132 435 MAlUS.

184 558 258 696 pi.
287 551 398 676 Qui
420 553 598 693 primo
617 554 723 655 sub
744 553 962 657 Galario
985 554 1317 658 lllaxiruiano
1342 557 1634 681 confassor‚
1659 558 1839 664 deiude

184 699 290 804 sub
312 696 634 800 Constantio
661 699 987 836 imperatore
1007 718 1061 801 et
1083 699 1352 837 Philagrio
1375 701 1606 840 praeside
1628 702 1836 807 Ariano:

188 844 450 982 martyrio
500 844 795 945 coronatus
843 862 938 946 est.
987 825 1226 983 Ancyrae
1275 847 1331 945 in
1383 846 1630 949 Galatia:
1685 850 1836 952 salicti

187 986 463 1092 Theudoti
506 986 774 1123 martyris
803 1007 856 1089 et
882 990 1195 1089 sanctarum
1223 987 1490 1094 'l‘hecdsae
1514 990 1631 1128 ejus
1658 992 1833 1110 amitae,

189 1129 527 1247 alexandrae,
568 1128 830 1249 Claudiae,
872 1129 1067 1249 Famae,
1107 1129 1450 1270 Euphrasiae,
1493 1133 1775 1251 Matronae,
1799 1155 1834 1238 et

183 1274 390 1378 lulittae
432 1276 718 1405 virginum.
749 1272 888 1394 Quae
914 1309 944 1375 3
971 1275 1202 1412 praeside
1241 1280 1481 1416 primum
1528 1281 1831 1416 prostituta,

183 1420 278 1521 sed
311 1420 404 1521 Dei
424 1420 625 1520 virtute
645 1417 867 1518 servatae
892 1451 901 1519 :
933 1418 1206 1556 lapidibus
1230 1421 1301 1522 ad
1322 1423 1458 1524 eolla
1484 1424 1661 1557 ligatis
1686 1426 1742 1525 in
1763 1456 1830 1560 pa·

185 1561 371 1665 lridern
413 1595 599 1665 rnersae
643 1579 789 1662 sunt.
833 1558 1082 1680 Qnarnru
1130 1565 1383 1700 reliquias
1433 1567 1684 1670 collactas
1726 1600 1828 1669 cun

185 1704 509 1809 Theodotus
549 1701 849 1805 honorifice
886 1709 1173 1844 sepelisset,
1203 1709 1633 1847 comprehansus
1659 1744 1686 1811 a
1716 1744 1835 1849 prae-

185 1849 317 1971 side,
345 1852 631 1952 saevissime
657 1845 950 1950 dilaniatus
976 1869 1087 1952 est:
1118 1886 1181 1955 ac
1207 1852 1436 1955 demum
1475 1886 1602 1958 ense
1640 1856 1834 1994 pereds-

184 2028 293 2114 sus,
324 1994 569 2132 martyrii
611 1994 846 2129 palmam
885 1993 1114 2131 accapit.
1136 1977 1324 2132 Upsali
1357 1998 1413 2098 iu
1442 1997 1630 2102 Suatia
1654 2030 1665 2099 ε
1689 1995 1844 2100 sancti

188 2136 329 2239 Erici
355 2139 493 2266 regis
519 2156 574 2239 ct
599 2137 868 2274 martyris.

140 2332 226 2434 xF
463 2321 892 2442 Quartodecimo
919 2330 1189 2435 Kalendas
1213 2332 1360 2435 lrinii
1388 2368 1398 2439 :
1429 2332 1585 2436 Luna

60 2512 1892 2651 ·allodel'glriklruupqrstu‘

186 2670 1892 2763 uuuuuuuuuwaasomow

179 2780 1892 2905 ARGUEFFGHMNPi

185 2960 226 3036 u
333 2958 652 3069 ulan
755 2957 1097 3037 151616
1200 2957 1246 3032 u
1349 2958 1395 3032 n
1514 2956 1560 3032 u
1661 2955 1709 3035 ao
1791 2942 1892 3027 n.

27 3123 87 3232 nn
117 3128 397 3319 19Quaeri
439 3112 580 3216 Petri
619 3112 688 3217 de
729 3113 959 3217 Moro'no
983 3147 994 3213 ε
1018 3113 1116 3250 qni
1145 3147 1208 3215 ex
1234 3112 1583 3215 Anachorata
1608 3134 1837 3213 surnmns
1890 3124 1892 3129 ’

187 3294 256 3371 t)
288 3255 534 3360 Pontifex
556 3260 784 3380 creatus
808 3258 989 3362 dictus
1016 3276 1092 3361 est
1120 3253 1436 3359 Caelestinus
1463 3251 1733 3376 Quintns;
1760 3246 1833 3355 sed

186 3396 516 3502 Pontificatu
543 3437 598 3505 se
623 3401 904 3525 abdicans,
933 3421 984 3506 et
1012 3404 1068 3502 in
1095 3399 1391 3502 solitudine
1425 3398 1734 3534 religiosam
1774 3395 1841 3498 vi·

187 3562 299 3643 tam
336 3576 532 3680 agens:
563 3547 860 3650 virtdtibns
886 3566 939 3651 et
967 3545 1242 3647 miraculis
1282 3545 1459 3645 clarus
1498 3544 1753 3677 migravit
1786 3536 1845 3642 ad

188 3685 505 3790 Dominum,
548 3678 763 3782 Festnrn
811 3677 1039 3815 Duplex.
1086 3678 1319 3787 Rornae:
1370 3687 1541 3788 sancti
1595 3683 1852 3788 Pudantis

186 3831 463 3934 senatoris.
487 3832 596 3954 Qui
618 3834 689 3935 ab
704 3831 975 3972 Apostolis
994 3829 1213 3933 Christo
1233 3831 1287 3929 in
1309 3830 1582 3968 baptismo
1609 3831 1852 3933 vestitus:

185 3976 536 4079 inuocantem
565 3979 804 4081 tdnicanr
836 3975 1105 4112 usquead
1132 3976 1257 4075 vitae
1284 3974 1541 4075 corduani
1580 3974 1855 4078 iuunacu-

23 4120 159 4199 *ritu
188 4117 292 4221 late
329 4120 640 4223 custodivit.
664 4111 906 4224 Ibidem:
936 4137 1137 4222 sanctae
1173 4116 1530 4219 Pudentianae
1566 4117 1809 4251 virginis.
1834 4120 1857 4245 ‚⁸

30 4218 157 4373 {alfa
187 4258 326 4384 Quae
347 4281 469 4401 post
488 4266 807 4368 inudrueros
827 4265 1042 4400 agarus,
1067 4280 1188 4401 post
1216 4261 1517 4362 rnultdrurn
1545 4262 1858 4400 martyrum

190 4407 566 4511 venerabiliter
584 4410 851 4511 exhibitas
870 4409 1196 4547 sepulturas3
1219 4423 1341 4542 post
1360 4437 1552 4506 ornnes
1571 4401 1865 4510 facultates

185 4583 307 4651 suas
337 4553 671 4689 panparibus
696 4586 796 4692 pro
822 4548 1041 4653 Christo
1067 4552 1309 4684 erogatas
1332 4580 1342 4649 :
1366 4547 1592 4650 tandem
1612 4546 1682 4650 de
1701 4552 1865 4653 terris

188 4692 257 4795 ad
308 4696 465 4798 caelos
503 4697 770 4830 migravit.
798 4682 1080 4789 Memoria.
1110 4684 1249 4794 ltem
1286 4691 1476 4794 Romae
1512 4691 1599 4792 via
1636 4688 1863 4832 Appia:

191 4838 381 4940 natalis
419 4843 738 4943 sanctorum
775 4837 1016 4942 Caloceri
1046 4855 1098 4940 et
1127 4835 1404 4939 Parthanii
1445 4836 1864 4939 eunuchorum.

188 4978 440 5102 Quorum
481 4984 632 5121 prior
673 5017 803 5087 curn
848 5001 984 5085 esset
1022 4980 1348 5120 praepositus
1392 4979 1634 5082 cubiculi
1676 4982 1869 5082 uxdris

195 5123 337 5226 Dacii
371 5127 729 5265 imperatoris
759 5129 892 5229 alter
919 5160 1045 5228 vero
1072 5126 1292 5227 allarius
1331 5125 1574 5226 indueris
1601 5125 1868 5263 primice-

187 5267 297 5373 rius
321 5299 331 5368 ε
356 5270 601 5374 nole'ntes
638 5270 797 5373 idolis
835 5267 1155 5387 sacrificare,
1175 5268 1248 5368 ab
1275 5265 1466 5370 eodeni
1507 5268 1670 5369 occisi
1708 5287 1864 5371 sunt.

182 5399 501 5539 Cantnariae
524 5447 533 5515 :
557 5417 729 5516 sancti
764 5414 1031 5515 Dunstani
1060 5413 1333 5551 Episcopi.
1353 5401 1413 5510 ln
1441 5408 1725 5514 Britannia
1755 5414 1866 5514 mi-
