3982 6084
274 325 381 430 250
889 324 1317 432 Nl'll‘Elllllill..

275 575 402 643 rum
427 543 740 664 mulierum,
764 576 891 678 quae
916 541 1021 646 sub
1042 542 1333 646 saevissimo
1350 541 1597 645 Arabum
1620 542 1767 648 duce
1789 543 1964 683 Mady

275 685 350 788 oh
370 681 574 788 Christi
600 684 771 789 fidem
795 685 1168 792 crudelissime
1188 705 1346 790 tortae
1372 706 1541 824 atque
1568 690 1780 793 necatae
1802 712 1960 795 suut.

254 818 583 935 Bononiae:
618 831 793 933 sancti
832 830 1079 935 luctindi
1117 830 1377 970 Episcopi
1419 850 1473 934 et
1512 832 1857 937 confessoris.
1888 834 1899 932 Ι
1928 871 1960 935 ιι

274 970 576 1078 Hibernia:
601 976 776 1078 sancti
803 974 1087 1079 Laurentii
1117 974 1374 1113 Episcopi
1401 973 1774 1081 Dublinensis.

183 1193 241 1257 vn
275 1149 320 1251 D
437 1144 479 1242 Ι)
504 1154 919 1293 ecimoseptimo
945 1151 1217 1257 Kalendas
1239 1152 1557 1256 Decembris
1581 1185 1592 1255 :
1617 1152 1775 1256 Luna

254 1318 1945 1462 abedcl'ghiklrn-npqrstu

269 1484 864 1565 2526272829301
942 1487 1209 1566 2345
1287 1490 1311 1570 6
1377 1489 1398 1564 'l
1473 1488 1497 1564 8
1565 1484 1960 1565 910111213

252 1595 1340 1711 ABCllEFl'G·
1457 1600 1941 1704 linior

271 1769 1953 1851 111516171819191011119321

100 1942 161 2011 ne
186 1946 224 2012 ra
256 1906 538 2131 Conone
564 1910 885 2049 Agrippinae
909 1943 919 2014 :
943 1912 1089 2014 beati
1119 1909 1328 2017 Albarti
1371 1909 1555 2045 Magni
1597 1907 1861 2048 Episcopi
1901 1930 1950 2013 et

167 2105 175 2119 ¹
406 2053 744 2176 confessoris
799 2089 862 2157 ex
912 2051 1124 2159 Ordine
1175 2054 1622 2160 Praedicatdrum.
1676 2049 1780 2154 Cui
1835 2055 1944 2193 ipsa

271 2197 501 2336 Deipara
522 2194 692 2329 Virgo
715 2198 911 2302 inrisu
933 2203 1227 2339 conspicua
1250 2199 1504 2323 revelavit
1528 2229 1537 2298 :
1564 2195 1743 2300 Deum
1767 2195 1941 2337 dispo·

267 2344 434 2447 suissc
475 2377 573 2482 per
609 2343 725 2480 ejus
756 2341 1065 2446 doctrinam
1094 2344 1322 2448 mirilico
1348 2377 1504 2444 suam
1540 2340 1812 2443 iilustrare
1840 2342 1933 2444 Er-

267 2487 502 2589 alasiam.
535 2485 709 2589 Variis
728 2488 915 2626 inrita
944 2506 1141 2626 etpost
1169 2505 1400 2591 rnortern
1431 2483 1626 2589 claruit
1649 2486 1923 2588 miraculis.

159 2624 161 2628 ’
248 2614 469 2722 Festum
511 2619 736 2759 Duplex.
780 2620 1010 2735 Eadem
1056 2631 1195 2736 dic:
1251 2632 1442 2733 natalis
1485 2626 1659 2732 sancti
1704 2626 1922 2765 Eugenii

268 2772 526 2913 Episcopi
566 2772 818 2878 Toletani
839 2793 893 2878 et
920 2777 1190 2916 martyris,
1219 2775 1362 2878 beati
1409 2772 1654 2910 Dionysii
1696 2772 1917 2912 Areopa·

268 2921 391 3053 gitze
418 2918 690 3055 discipuli.
720 2916 829 3040 Qui
857 2920 915 3019 iu
944 2921 1217 3024 territorio
1245 2918 1528 3021 Parisiansi
1560 2920 1915 3019 consummato

268 3063 513 3201 martyrii
554 3095 758 3166 cursu:
800 3061 973 3168 beatae
1009 3064 1293 3200 passionis
1318 3069 1577 3165 coronam
1623 3063 1911 3200 percepita

268 3204 524 3309 Domino,
549 3205 721 3342 Cujus
747 3239 946 3345 corpus
967 3205 1224 3311 Toletum
1247 3206 1432 3346 pastea
1458 3204 1565 3306 suit
1592 3206 1908 3308 translatum.
1982 3296 1983 3308 .

191 3401 195 3407 ·
247 3333 296 3434 N
319 3350 420 3453 olae
443 3352 501 3452 in
529 3350 830 3488 Campania
858 3383 867 3451 :
898 3352 1043 3455 beati
1072 3351 1258 3456 Felicis
1299 3350 1557 3489 Episcopi
1587 3365 1640 3451 et
1666 3348 1908 3489 martyris.
1975 3402 1983 3504 j

267 3492 378 3617 Qui
422 3529 453 3596 a
499 3493 920 3633 quintodecimo
969 3496 1142 3598 aetatis
1186 3529 1301 3598 suus
1349 3528 1497 3596 anuo
1542 3492 1907 3597 miraculorum
1970 3545 1983 3610 ι

263 3637 434 3772 gloria
454 3639 650 3744 claruit
666 3672 675 3741 :
694 3656 748 3743 et
768 3640 873 3742 sub
885 3639 1162 3778 Marciano
1182 3637 1412 3779 praeside
1433 3671 1561 3740 cum
1582 3637 1698 3739 aliis
1718 3639 1905 3775 triginta

263 3780 496 3919 aganem
516 3784 763 3925 martyrii
783 3771 1137 3923 comple'vitE
1163 3785 1331 3887 dassae
1350 3783 1405 3884 in
1430 3780 1602 3921 Syria:
1618 3784 1904 3884 satiatorum

263 3928 569 4066 martyrum
597 3927 787 4031 Gariae
813 3945 867 4031 et
887 3926 1154 4049 Samariae,
1183 3927 1287 4030 sub
1314 3923 1657 4030 Diocletiano
1697 3927 1903 4065 impera·
1974 3968 1983 4021 ι.

263 4069 381 4177 tare
408 4089 461 4177 et
486 4071 770 4175 Antonino
798 4059 1076 4211 praesidet
1098 4071 1284 4177 bidem
1313 4102 1324 4171 τ
1354 4071 1534 4208 passio
1569 4071 1744 4173 sancti
1771 4061 1903 4171 Abiti
1980 4080 1983 4085 ’

263 4214 509 4321 Diaconi.
533 4215 642 4339 Qui
663 4217 767 4320 sub
788 4208 997 4320 Licinio
1019 4215 1349 4356 imperatore
1371 4231 1426 4317 et
1447 4211 1678 4352 Lysania
1704 4205 1911 4351 praeside

264 4361 545 4498 anguibus
583 4361 849 4465 laceratus
872 4393 882 4462 :
905 4362 963 4462 iu
991 4361 1174 4497 ignem
1201 4356 1483 4494 conjectus
1510 4347 1632 4460 estl
1652 4392 1689 4457 n
1717 4355 1882 4459 Britan
1904 4402 1918 4420 ·

242 4507 352 4605 uia
381 4535 390 4606 :
421 4505 614 4608 natalis
651 4503 1112 4613 sauctiMachriti
1153 4504 1427 4643 Episcopi,
1464 4500 1561 4636 qui
1600 4534 1631 4601 a
1669 4503 1924 4640 primaevo

260 4650 434 4754 aetatis
475 4683 590 4753 suae
633 4649 886 4751 tirocinio
930 4649 1208 4753 miraculis
1252 4644 1492 4751 emicuit.
1528 4632 1603 4745 ln
1654 4642 1855 4748 Austria
1918 4656 1925 4728 :

258 4795 430 4898 saneti
472 4791 734 4933 Leupdldi
773 4791 1017 4930 ejusdem
1055 4792 1351 4932 provinciae
1380 4786 1735 4913 marchianis,
1763 4806 1925 4925 quen]

258 4934 610 5045 lunooe'ntius
637 4933 880 5045 Octavus
899 4935 1228 5041 Sanctarum
1251 4939 1480 5040 numero
1500 4931 1797 5071 adscripsit.
