3990 6082
149 346 199 425 90
685 344 782 422 bnt.
811 344 843 423 l.
874 346 929 424 Dc
956 348 1137 427 Grnoiori
1165 350 1304 451 Calpo.

152 497 390 576 contendere
416 521 534 576 ausus
557 497 688 575 fuerit.
711 498 751 574 Si
780 498 869 598 quis
897 521 1108 598 percussor
1135 502 1276 593 t'uerit;
1304 503 1337 579 si
1365 504 1454 604 quis
1471 500 1626 583 crimen
1646 503 1807 605 capitale,

154 614 277 692 idest
304 636 431 714 poena
457 613 662 692 mortisia
690 613 847 692 saeculo
878 615 1139 714 puniendum,
1161 619 1405 726 commiserit
1430 648 1438 695 :
1461 618 1494 697 si
1522 619 1617 721 quis
1644 642 1809 720 procura·

153 730 267 819 verit,
288 728 395 829 quod
422 730 506 830 ipse
534 729 594 807 vel
622 729 724 808 alius
751 730 959 826 eximatur,
980 732 1039 808 via
1067 729 1144 810 non
1171 733 1356 832 juridica,
1378 756 1399 809 a
1418 745 1616 835 potestate
1635 735 1696 814 sui
1715 735 1809 813 Prae·

153 844 234 925 lati.
253 844 293 925 Si
321 845 413 945 quis
436 867 520 923 rem
545 844 620 922 sibi
649 843 832 924 collatam
860 848 1054 947 receperit
1079 877 1086 924 :
1108 848 1157 925 de
1184 849 1260 944 bis,
1285 872 1386 950 quae
1403 850 1675 950 probibentur
1691 851 1809 951 recipi.
1861 878 1863 883 ·

155 961 195 1038 si
215 960 305 1060 quis
331 982 415 1038 rem
443 961 519 1039 sibi
546 960 730 1039 collatam
757 960 968 1041 celaverit:
999 985 1117 1063 quem
1143 964 1281 1043 beatus
1300 968 1544 1066 Augustinus
1567 966 1665 1045 lurti
1684 965 1813 1065 judicic

155 1077 252 1155 dicit
281 1100 365 1155 esse
392 1077 752 1156 condemnandum.
775 1077 816 1155 Si
844 1077 1108 1178 proclamatus
1135 1079 1337 1159 convictus
1359 1082 1489 1179 t'uerit,
1506 1088 1653 1183 sponte
1671 1092 1812 1183 surgat;

157 1203 195 1273 et
224 1194 378 1271 veniam
418 1204 570 1296 petens,
600 1194 756 1273 sceleris
792 1194 853 1271 sui
897 1195 1183 1273 immanitatem
1216 1196 1523 1276 lamentabiliter
1549 1197 1752 1298 proferat:
1785 1209 1817 1274 et

156 1310 377 1388 denudatus
404 1311 457 1404 (ut
489 1309 649 1412 dignam
682 1311 847 1411 recipiat
873 1311 955 1388 suis
984 1311 1137 1388 meritis
1164 1311 1408 1409 sententiam)
1435 1312 1614 1415 vapulet,
1640 1322 1817 1414 quantum

157 1425 349 1526 placuerit
375 1426 568 1522 Praelata,
589 1435 627 1505 et
653 1428 704 1504 sit
729 1427 908 1504 omnium
940 1425 1176 1504 novissimus
1197 1427 1237 1502 in
1262 1426 1492 1519 Conventu;
1521 1439 1565 1506 ut
1582 1431 1656 1529 qui
1674 1429 1816 1528 culpam

158 1541 436 1642 perpetrando,
459 1564 538 1620 non
567 1542 725 1620 erubuit
750 1541 974 1620 membrum
994 1541 1143 1620 diaboli
1164 1542 1248 1619 fieri
1267 1571 1275 1619 :
1296 1544 1347 1619 ad
1365 1552 1520 1644 tempus
1536 1543 1590 1643 lut
1618 1543 1818 1643 resipiscat

157 1667 426 1757 sequestretur
455 1680 477 1733 a
504 1659 704 1736 consortio
731 1657 862 1735 ovium
891 1657 1051 1736 Christi.

209 1775 340 1852 l’oena
364 1784 496 1853 autem
525 1775 850 1876 sequestrationis
876 1783 971 1852 tuuc
997 1785 1150 1854 tantum
1181 1774 1311 1852 locum
1348 1772 1516 1852 habeat:
1548 1771 1710 1874 quando
1742 1794 1820 1872 pro

159 1899 246 1990 pter
278 1902 482 1991 peccatum
508 1893 673 1980 mortale
699 1892 748 1969 ad
775 1913 944 1991 poenam
973 1890 1166 1991 gravioris
1194 1889 1333 1990 culpae
1354 1890 1445 1990 quis
1463 1898 1523 1967 est
1540 1888 1764 1966 damnatus.
1782 1888 1818 1964 ln

161 2005 381 2085 Refectorio
409 2030 567 2109 quoque
594 2008 645 2085 ad
671 2029 923 2086 communem
952 2029 1128 2084 mensam
1157 2028 1245 2082 cum
1274 2007 1414 2084 ceteris
1436 2026 1515 2083 non
1543 2003 1728 2095 sedebit;
1756 2002 1814 2081 sed

161 2122 201 2197 in
229 2123 358 2199 medio
395 2120 601 2203 Retectorii
635 2146 753 2225 super
789 2123 936 2201 nudam
974 2133 1117 2200 terram
1153 2123 1332 2201 comedet
1369 2151 1376 2196 :
1416 2132 1455 2198 et
1491 2119 1764 2222 providebitur
1791 2119 1821 2195 ei

161 2237 325 2315 seorsim
355 2241 469 2338 panis
494 2242 683 2341 grossior,
704 2251 739 2317 et
768 2249 884 2341 potus
911 2261 1049 2340 aquae.
1072 2238 1151 2315 Nec
1170 2237 1360 2338 reliquiae
1380 2236 1538 2338 prandii
1555 2236 1618 2314 sui
1637 2257 1728 2313 cum
1745 2233 1821 2312 aliis

163 2353 424 2446 misceantur;
463 2367 503 2433 ut
539 2367 762 2455 cognoscat.
781 2379 822 2433 se
857 2356 909 2434 ita
943 2377 1027 2432 esse
1054 2364 1341 2454 sequestratum
1365 2377 1386 2430 a
1408 2352 1613 2430 consortio
1632 2349 1818 2429 aliorum:

163 2467 269 2573 (quod
305 2471 481 2568 privetur
511 2473 600 2566 (nisi
636 2494 706 2572 per
740 2472 1025 2573 poenitentiam
1062 2469 1202 2566 redeat)
1236 2469 1446 2547 consortiis
1480 2465 1741 2567 Angelorum
1772 2464 1821 2540 ld

163 2582 381 2669 Canonicas
412 2586 539 2664 Horas
557 2596 596 2664 et
613 2588 758 2688 gratias
785 2596 873 2686 post
893 2585 1191 2679 comestionem,
1212 2594 1301 2661 ante
1317 2583 1462 2662 ostium
1481 2580 1698 2675 Ecclesiae,
1714 2588 1822 2658 trans

164 2694 352 2776 euntibus
380 2700 579 2780 Fratribus
600 2712 821 2804 prostratus
836 2706 990 2801 jaceat:
1021 2701 1116 2776 dum
1145 2700 1291 2777 intrant
1313 2711 1353 2777 et
1369 2708 1525 2778 exeunt.
1548 2696 1691 2774 Nullus
1708 2702 1822 2773 autem

165 2834 206 2888 se
233 2812 375 2893 audeat
404 2820 643 2919 conjungere
670 2817 761 2894 illi:
791 2817 850 2893 vel
877 2815 1030 2916 aliquid
1059 2815 1261 2892 mandare.

190 2928 416 3018 ,Praelatus
440 2943 570 3010 tamen
595 2947 654 3032 tue
683 2935 722 3009 in
751 2932 1069 3032 desperationem
1107 2930 1186 3007 labi
1234 2929 1365 3027 possit)
1396 2929 1522 3007 mittat
1556 2927 1609 3005 ad
1636 2948 1740 3021 evum,
1766 2924 1822 3021 qui

167 3044 292 3120 estin
318 3050 487 3147 graviori
523 3050 665 3151 culpa,
699 3050 903 3127 seniores:
933 3049 999 3147 qui
1028 3056 1300 3126 commoveant
1328 3066 1418 3122 eum
1451 3042 1500 3120 ad
1534 3040 1821 3144 poenitentiam,

168 3174 381 3257 provocent
407 3166 454 3242 ad
476 3167 707 3266 patientiam
727 3195 737 3256 ;
768 3165 920 3242 foveant
939 3187 1008 3264 per
1026 3163 1358 3262 compassionem,
1379 3160 1586 3237 hortentur
1613 3158 1665 3235 ad
1691 3153 1823 3233 satisfa-

168 3276 338 3354 ctionem
361 3309 368 3355 :
399 3282 580 3381 adjuvent
614 3304 685 3380 per
711 3304 821 3360 suam
838 3280 1177 3372 intercessionem,
1201 3277 1233 3353 si
1253 3276 1424 3354 viderint
1447 3276 1487 3350 in
1506 3296 1556 3352 eo
1574 3271 1823 3351 bumilitatem

169 3389 315 3468 cordis.
337 3395 491 3490 Quibus
519 3399 637 3474 etiam
658 3427 664 3473 :
687 3394 919 3496 suffragetur
945 3404 1051 3472 totus
1078 3393 1317 3470 Conventus.
1347 3391 1425 3468 Nec
1448 3400 1589 3466 renuat
1605 3386 1821 3465 Praelatus:

170 3527 258 3582 cum
288 3531 334 3586 eo
360 3509 485 3589 lacere
514 3512 839 3590 misericordiam.
863 3512 907 3588 b't
934 3511 966 3587 si
995 3509 1193 3586 videbitur
1219 3509 1269 3604 ei,
1298 3506 1428 3584 denuo
1456 3502 1612 3604 vapulet
1642 3502 1693 3581 ad
1719 3498 1824 3602 pedes

171 3626 442 3727 singulorum:
475 3634 606 3732 primo
656 3634 837 3728 Praelati,
874 3632 1018 3709 deinde
1047 3631 1251 3729 utriusque
1287 3627 1421 3704 lateris
1467 3644 1684 3703 sessorum.
1718 3619 1822 3713 Talis,

172 3745 362 3840 quamdiu
394 3747 468 3826 erit
501 3749 538 3824 in
575 3750 647 3826 bac
681 3748 949 3850 poenitentia:
986 3769 1063 3825 non
1097 3744 1378 3833 communicet,
1398 3763 1471 3818 nec
1496 3739 1630 3818 veniat
1655 3738 1706 3816 ad
1732 3757 1825 3815 oscu-

172 3857 254 3935 lum
288 3863 408 3960 pacis.
439 3864 478 3940 Si
509 3866 757 3966 praedicator
783 3874 837 3942 est
862 3893 869 3940 :
898 3861 1200 3963 praedicationis
1227 3855 1401 3936 officium
1429 3877 1508 3934 non
1536 3861 1728 3932 exerceat.
1755 3849 1822 3928 Non

174 3984 329 4052 notetur
353 3979 402 4054 ad
436 3981 600 4081 aliquod
628 3981 801 4058 officium
830 3980 869 4054 in
897 3977 1067 4056 Ecclesia
1090 4005 1097 4063 ;
1121 3998 1190 4053 nec
1209 3973 1289 4050 ulla
1308 3974 1343 4050 ei
1363 3972 1635 4051 committatur
1653 3967 1823 4049 obedien·

172 4091 251 4167 tia:
291 4115 363 4171 nec
394 4119 527 4174 vocem
563 4098 706 4175 babeat
735 4097 828 4196 (nisi
864 4097 903 4170 in
937 4093 997 4171 sui
1027 4091 1293 4187 accusatione)
1325 4099 1414 4165 ante
1443 4085 1664 4187 plenariam
1700 4080 1824 4161 satisla·

174 4207 361 4302 ctionem,
382 4211 440 4290 vel
471 4214 597 4290 donec
625 4236 695 4312 per
722 4212 950 4312 Magistrum
971 4207 1148 4301 Ordinis,
1169 4214 1236 4282 eut
1265 4203 1499 4280 llelinitores
1530 4198 1703 4299 Capituli
1722 4199 1823 4274 Gene-

175 4324 280 4421 ralis,
310 4325 370 4406 vel
405 4328 661 4407 Provincialis
692 4328 808 4405 fuerit
839 4326 1053 4403 restitutus.
1088 4322 1128 4400 Si
1164 4320 1281 4398 luerit
1313 4315 1520 4430 Sacerdos,
1543 4314 1825 4415 velOiacouus,

175 4440 239 4516 bis
270 4442 411 4522 officiis
444 4468 520 4524 non
557 4445 768 4545 fungatur:
802 4443 875 4519 nisi
913 4438 1167 4541 postmodum
1204 4435 1385 4537 religiose
1418 4441 1674 4510 conversatus
1710 4425 1820 4505 luerit.

227 4558 385 4660 Siquis
419 4571 549 4639 autem
584 4561 708 4661 (quod
741 4560 847 4636 Deus
876 4556 1038 4651 avertat)
1075 4554 1113 4628 in
1150 4562 1351 4652 peccatum
1380 4547 1510 4625 carnis
1535 4544 1671 4643 lapsus
1697 4540 1823 4621 fuerit:

177 4680 244 4749 ant
269 4673 414 4754 furtum
440 4676 696 4769 commiserit,
721 4675 829 4776 quod
852 4674 902 4750 sit
930 4669 1103 4750 notabile
1125 4667 1275 4764 judicio
1305 4664 1599 4751 discretorum;
1624 4658 1683 4736 vel
1698 4658 1827 4736 litteras

176 4789 344 4892 Magistri
378 4792 549 4888 Ordinis,
587 4792 644 4869 vel
682 4792 862 4869 Priorum
899 4782 1220 4876 Provincialium,
1250 4781 1309 4858 vel
1342 4799 1479 4857 eorum
1509 4773 1641 4874 sigilla
1670 4772 1826 4852 falsifica-

178 4908 288 5002 verit,
310 4908 368 4984 vel
404 4906 617 4985 falsificatis
649 4909 819 4984 scienter
853 4927 947 4983 usus
982 4899 1127 4978 luerit:
1158 4899 1289 4974 autin
1322 4893 1542 4972 Praelatum
1573 4911 1691 4968 suum
1710 4902 1829 4965 manus

180 5024 355 5122 injecerit
383 5034 528 5101 temere
555 5023 775 5119 violentas3
804 5032 871 5099 aut
897 5036 1188 5120 quemcumque
1215 5011 1392 5105 letaliter,
1413 5008 1472 5085 vel
1497 5006 1673 5107 graviter
1690 5016 1730 5083 et
1747 5013 1829 5081 atro

178 5144 277 5221 citer
307 5141 574 5242 percusserit:
607 5151 675 5218 aut
710 5141 812 5217 intra
842 5147 952 5236 septa
982 5127 1211 5213 Mouasterii
1240 5147 1358 5225 supra
1378 5144 1419 5200 se
1439 5142 1548 5198 arma
1565 5120 1739 5196 invasiva
1759 5134 1830 5239 por

178 5269 260 5337 tare
305 5258 646 5358 praesumpserit;
683 5262 750 5332 aut
795 5253 955 5352 aliquod
995 5248 1287 5350 praedictorum
1335 5237 1420 5316 fieri
1454 5235 1624 5314 fecerit:
1666 5226 1830 5310 carcerali

179 5381 379 5459 custodiae
415 5379 674 5479 mancipetur.
1731 5467 1739 5481 .

119 5572 128 5588 ,
226 5497 265 5574 si
294 5498 384 5598 quis
411 5496 529 5573 etiam
561 5495 671 5572 alteri
702 5493 825 5569 Fratri
858 5489 1037 5582 Ordinis,
1064 5485 1122 5562 vel
1152 5480 1226 5580 ipsi
1263 5475 1405 5555 Ordini
1430 5472 1583 5551 crimen
1607 5469 1708 5547 salso
1729 5481 1836 5565 rmpc
