3990 6082
586 380 684 461 Dist.
707 380 738 459 Ι.
772 380 827 461 Dc
861 372 1070 493 Satiraqiis
1103 392 1360 460 mortuoram,
1769 385 1815 468 ’9

132 546 270 617 netur
285 564 297 616 .·
315 544 354 616 et
371 535 418 614 ad
441 534 668 613 Orationem
689 533 923 613 Retribuere.
947 535 1055 613 ldem
1082 534 1200 612 etiam
1227 533 1451 613 laciendum
1481 544 1540 615 est
1566 534 1617 614 ad
1642 531 1813 639 primam

135 651 356 733 Collectam
381 653 422 729 in
445 653 585 740 Missa,
612 651 723 729 etad
752 650 1168 729 Postcommunionem
1199 660 1267 728 :et
1294 651 1479 729 similiter
1504 652 1554 730 ad
1580 651 1812 733 Orationem

135 787 214 871 pro
249 769 452 860 Ecclesia;
495 779 534 846 et
568 769 607 843 in
644 766 813 866 singulis
850 766 968 844 lloris
999 765 1046 843 ad
1082 765 1305 845 Collectam·
1331 796 1338 843 :
1369 776 1408 845 et
1434 766 1482 843 ad
1513 766 1649 846 Gloria
1685 769 1811 863 Patri,

138 885 298 987 quoties
336 885 377 961 in
415 883 668 962 inchoatione
708 883 836 960 llorae
868 881 1025 959 dicitur.

134 1052 139 1059 -
191 1000 248 1077 nd
274 1001 409 1078 omnia
434 1007 564 1078 autem
593 998 669 1076 alia
699 997 1125 1093 blaterantem
1152 1005 1347 1078 extremos
1376 1000 1520 1077 Versus
1549 1001 1812 1100 Hymnorum,

139 1116 252 1196 etad
275 1114 544 1216 penultimum
567 1116 729 1194 Versum
756 1114 904 1192 Cantici
924 1107 1157 1208 Benedicit'e,
1178 1113 1417 1193 inclinamus
1439 1139 1564 1217 usque
1589 1117 1636 1194 ad
1659 1140 1813 1218 genua3

140 1231 329 1311 similiter
363 1232 522 1332 quando
555 1239 737 1311 cantatur
771 1230 907 1309 Gloria
940 1233 985 1308 ia
1021 1231 1197 1325 eccelsia,
1236 1231 1285 1306 ad
1317 1231 1476 1333 Saseipc
1511 1233 1818 1332 deprecationem

138 1355 356 1425 nostram:
390 1354 429 1424 et
455 1349 787 1447 quandocumque
821 1367 967 1423 nomen
1001 1345 1161 1423 lesuin
1192 1345 1452 1442 Praelatione,
1484 1346 1523 1421 in
1556 1346 1743 1443 Collecta,
1776 1349 1817 1425 in

140 1463 373 1563 Antiphone
396 1462 510 1542 Soloe
538 1464 687 1563 Rapina
714 1463 815 1540 etin
844 1461 980 1540 Gloria
1004 1463 1048 1539 irc
1073 1462 1235 1539 eccelsia
1259 1462 1499 1540 nominatur.
1535 1461 1699 1554 Quando
1726 1486 1819 1542 vero

141 1600 291 1657 nomen
321 1579 415 1656 lesu
445 1579 543 1657 alias
575 1581 615 1655 in
642 1580 765 1657 choro
803 1578 1070 1656 nominatur:
1111 1578 1241 1654 eidem
1284 1578 1437 1657 Fratres
1476 1581 1734 1658 reverentiam
1766 1579 1819 1654 l·

141 1694 265 1791 ciant,
300 1694 427 1796 capite
461 1696 639 1774 devotius
674 1693 878 1771 inclinato.

193 1810 294 1889 Item
339 1810 578 1891 inclinamus
618 1833 744 1912 usque
779 1810 827 1887 ad
872 1832 996 1911 genua
1030 1810 1072 1887 in
1109 1811 1391 1891 benedictione
1428 1813 1625 1891 Lectionis
1662 1842 1669 1889 :
1706 1815 1818 1892 etin

142 1925 328 2028 Capitulo
351 1928 403 2006 ad
422 1927 653 2007 Orationem
672 1928 816 2008 Sancta
833 1926 963 2004 Mario
980 1954 994 2020 ,·
1013 1936 1052 2004 et
1071 1927 1110 2003 in
1136 1927 1244 2006 omni
1273 1928 1463 2007 Oratione
1490 1930 1649 2029 mrando
1674 1952 1819 2008 nomen

141 2044 284 2122 beatae
316 2045 474 2140 Mariae,
506 2053 544 2123 et
572 2044 675 2124 beati
704 2043 905 2121 Dominici
936 2044 1163 2122 nominatur
1194 2072 1201 2120 :
1238 2052 1277 2121 et
1309 2044 1468 2145 quando
1501 2067 1646 2124 nomen
1684 2046 1820 2124 beatae

142 2160 322 2259 Virginis
350 2161 390 2237 in
420 2162 647 2263 Antiphone
672 2160 798 2255 Salac,
832 2167 871 2238 et
903 2160 942 2235 in
976 2158 1222 2238 Praefatione
1261 2160 1499 2238 nominatur.
1531 2162 1641 2239 ldem
1679 2162 1744 2240 liat
1778 2163 1819 2239 iu

143 2275 324 2377 qualibet
350 2278 468 2356 Missa
494 2275 751 2357 Conventuali
783 2305 790 2352 :
821 2276 916 2354 dum
942 2275 1088 2353 dicitur
1115 2278 1153 2351 in
1183 2275 1440 2371 Praelatione,
1470 2275 1626 2357 Gratias
1658 2300 1823 2379 ααααααα

143 2392 315 2472 Domino
336 2393 416 2472 Deo
440 2402 583 2472 nostro.
604 2394 652 2472 Et
678 2393 860 2470 similiter
887 2391 937 2469 ad
961 2393 1127 2470 Versum
1151 2391 1184 2469 O
1212 2391 1320 2470 Cruor
1337 2415 1421 2482 ave,
1451 2394 1603 2471 Fratres
1624 2395 1663 2470 in
1693 2395 1817 2473 choro

145 2521 374 2591 reverenter
409 2512 605 2591 inclinent
635 2542 642 2588 :
675 2514 777 2591 sicut
803 2513 887 2589 lieri
915 2512 1044 2606 debet,
1074 2512 1233 2613 quando
1260 2534 1403 2590 nomen
1439 2513 1543 2608 lesu,
1577 2525 1642 2592 aut
1678 2514 1822 2592 Mariae

147 2629 325 2730 Virginis
359 2632 495 2709 matris
531 2632 615 2729 ejus
646 2630 686 2705 in
726 2629 899 2708 Collecta
938 2629 1175 2707 nominatur.

202 2745 308 2825 llora
334 2746 468 2847 itaque
495 2747 697 2847 praedicto
724 2768 834 2824 more
857 2745 1069 2845 incoepta;
1101 2760 1311 2846 postquam
1339 2747 1389 2822 ad
1418 2746 1554 2825 Gloria
1589 2750 1700 2827 Patri
1731 2758 1823 2851 post

155 2863 288 2941 Venite
310 2862 587 2942 inclinaverint
609 2891 617 2938 :
640 2872 713 2940 stet
735 2861 887 2939 Chorus
914 2872 1050 2939 contra
1074 2861 1261 2939 Oborum.
1287 2862 1438 2939 Deinde
1456 2863 1505 2941 ad
1525 2865 1700 2964 primum
1719 2866 1823 2945 Psal-

149 3001 262 3058 mum
290 2979 424 3057 sedeat
451 3001 554 3057 unus
581 2978 762 3069 Chorus;
793 2977 902 3056 etad
927 2977 1145 3054 secundum
1165 2977 1349 3055 similiter
1363 2990 1450 3064 stet,
1475 2989 1513 3057 et
1536 2979 1637 3059 alius
1657 2984 1818 3061 sedeat:

149 3105 189 3175 et
216 3097 275 3174 sic
304 3096 499 3175 alternent
526 3094 723 3196 usquead
754 3096 928 3173 Laudato
958 3092 1170 3172 Dominam
1201 3096 1248 3172 dc
1278 3095 1409 3172 coelis.
1433 3096 1477 3174 Et
1511 3096 1568 3174 sic
1595 3097 1740 3176 iaciant
1773 3098 1822 3173 ad

149 3234 291 3291 omnes
319 3214 459 3291 lloras.
493 3213 621 3290 Finita
647 3222 777 3290 autem
809 3212 991 3289 Lectione
1015 3212 1055 3285 in
1084 3211 1285 3289 Matutinis
1312 3239 1319 3286 :
1347 3212 1422 3288 nisi
1448 3211 1517 3290 fiat
1539 3211 1725 3291 Officium
1749 3236 1822 3314 pro

149 3329 319 3408 Mortuis
328 3358 339 3421 ;
362 3328 444 3422 ille,
464 3330 532 3430 qui
552 3328 658 3430 legit,
678 3329 781 3406 inter
799 3328 1014 3429 pulpitum,
1032 3326 1141 3427 quod
1160 3336 1218 3404 est
1237 3327 1276 3403 in
1305 3328 1438 3406 medio
1457 3328 1583 3424 chori,
1606 3339 1642 3408 et
1663 3330 1820 3430 gradus,

148 3444 448 3524 inclinationem
478 3445 596 3523 faciat
625 3473 632 3520 :
663 3445 722 3523 vel
751 3455 974 3546 prosternat
1003 3466 1045 3521 se
1072 3465 1144 3543 pro
1174 3452 1363 3543 tempore.
1392 3445 1433 3521 ln
1467 3444 1820 3525 inclinationibus:

150 3559 447 3640 conformemur
484 3561 661 3640 moribus
693 3582 844 3656 eorum,
887 3560 936 3638 ad
971 3582 1072 3661 quos
1105 3558 1361 3638 declinamus.
1732 3589 1734 3592 >

202 3676 328 3755 Porro
355 3678 405 3755 ad
430 3678 544 3756 Solae
572 3687 707 3756 sancto
727 3700 882 3778 porcos,
918 3682 956 3754 et
991 3677 1039 3754 ad
1071 3676 1185 3755 Soloe
1215 3687 1305 3776 post
1327 3676 1641 3777 Complatorium
1670 3709 1677 3756 :
1713 3687 1753 3757 et
1775 3677 1825 3757 ad

159 3793 253 3872 Veni
279 3801 410 3872 sancte
442 3791 614 3893 Spiritus
644 3802 682 3870 et
717 3794 767 3870 ad
809 3793 904 3870 Verri
936 3791 1096 3870 Creator
1127 3791 1299 3894 Spiritus
1328 3793 1367 3870 in
1401 3794 1467 3870 die
1495 3793 1758 3892 Pentecosten,
1788 3805 1827 3873 et

152 3933 225 4013 per
254 3917 377 3988 tetam
408 3909 741 4008 Hebdomadam3
773 3921 811 3987 et
838 3909 888 3988 ad
912 3910 1035 3987 Credo
1060 3910 1100 3985 in
1129 3911 1247 3987 Missa
1271 3909 1320 3986 ad
1344 3911 1406 3988 Ea
1437 3910 1568 3988 Morio
1603 3912 1772 4013 Vimine,
1791 3918 1828 3988 et

151 4026 280 4106 Homo
312 4027 439 4125 factas
473 4034 528 4105 est
553 4054 564 4104 .·
592 4027 787 4106 flectimus
819 4049 958 4128 genua.
981 4027 1024 4103 ln
1048 4025 1251 4104 ferialibus
1279 4048 1438 4126 quoque
1462 4026 1604 4105 diebus
1626 4030 1827 4127 :jacemus

152 4142 341 4244 prostrati
368 4167 390 4221 a
415 4143 581 4222 Sanctus
607 4165 733 4243 usque
759 4142 806 4219 ad
828 4146 972 4242 Aptius.
1004 4143 1049 4219 ln
1083 4141 1193 4219 festis
1227 4164 1318 4220 vero
1353 4142 1471 4220 trium
1499 4143 1557 4220 vel
1587 4166 1728 4221 novem
1757 4143 1827 4220 Le·

152 4260 333 4339 etionum
361 4287 369 4334 ε
396 4260 572 4359 jacemus
599 4259 786 4359 prostrati
815 4257 865 4335 ab
894 4257 1110 4337 elevatione
1137 4256 1280 4335 Calicis
1316 4258 1517 4358 usquead
1547 4259 1664 4336 Pater
1681 4267 1823 4337 noster

155 4375 198 4453 ln
221 4375 559 4455 Prosirationibus
587 4376 692 4453 idem
721 4397 920 4452 servamus
941 4404 949 4450 :
970 4376 1010 4451 in
1034 4374 1142 4451 lestis
1170 4374 1290 4452 trium
1316 4373 1561 4469 lectionum,
1584 4374 1643 4452 vel
1669 4395 1823 4452 novem.

204 4489 376 4587 Quando
404 4492 606 4571 Praelatus
632 4492 850 4593 injunxerit
875 4491 1050 4591 aliquam
1078 4511 1332 4568 communem
1356 4488 1584 4567 Orationem
1608 4519 1615 4566 :
1639 4488 1828 4567 inclinent

152 4632 305 4690 omnes.
336 4607 527 4687 Similiter
561 4631 699 4688 omnes
733 4608 877 4684 iaciant
907 4606 1087 4707 :quibus
1119 4606 1272 4707 aliquid
1299 4605 1426 4683 facere
1453 4606 1511 4683 vel
1539 4605 1670 4683 dicere
1695 4606 1830 4705 iniun-

154 4729 269 4808 xerit.
291 4727 330 4805 Si
354 4737 484 4804 autem
505 4726 678 4827 aliquam
699 4722 982 4818 obedientiam,
1004 4722 1064 4801 vel
1087 4721 1278 4819 ollicium,
1301 4722 1359 4800 vel
1384 4721 1648 4800 ministerium
1666 4721 1829 4822 aliquod

153 4843 275 4924 alicui
311 4842 524 4942 injunxerit
564 4871 571 4918 :
615 4839 820 4918 humiliter
854 4829 1107 4940 prosternens
1143 4862 1197 4934 se,
1236 4838 1422 4938 suscipiat
1462 4837 1567 4937 quod
1607 4839 1830 4939 injunctum

154 4962 190 5040 ei
219 4960 350 5039 luerit.
383 4957 552 5056 Quando
587 4959 705 5036 etiam
740 4953 941 5032 Fratribus
968 4955 1174 5056 quidpiam
1201 4952 1426 5032 vestimenti
1454 4953 1680 5032 tribuitur:
1715 4952 1832 5031 incli-

157 5086 310 5173 nantes,
331 5073 685 5154 armentionem
702 5072 849 5149 dicant.

320 5247 384 5326 Dc
428 5246 711 5347 saffroqiis
751 5252 1088 5321 mortuoram:
1136 5242 1342 5355 tertia-m
1383 5241 1685 5355 Capita-lam.

264 5415 364 5491 leste
392 5413 515 5493 sancti
551 5411 733 5512 Dionysii
769 5432 893 5511 usque
928 5409 978 5487 ad
1007 5407 1225 5484 Adventum
1263 5407 1444 5500 Domini,
1464 5410 1837 5510 probnniversario

270 5531 464 5624 Fratrum,
495 5530 699 5625 Sororum,
735 5539 773 5605 et
797 5525 1054 5602 familiarium
1083 5530 1332 5623 receptorum
1363 5547 1434 5625 per
1460 5525 1612 5605 litteras
1638 5529 1688 5606 ad
1714 5527 1833 5605 bene-

216 5654 459 5710 usarvaotoa.
483 5654 592 5707 rano.
1612 5629 1635 5706 lr
