3990 6082
566 382 662 464 Dat.
689 389 718 465 l.
741 383 796 463 De
820 390 975 485 Vestitu,
999 392 1165 487 Postero,
1187 400 1223 469 et
1241 390 1418 471 Silentia.
1785 376 1833 455 ¹3

108 556 116 567 ·
152 538 370 617 dormiant.
409 537 550 619 Nullus
585 543 783 645 (Magistro
821 546 986 625 Ordinis
1029 548 1201 649 excepto)
1239 550 1306 649 qui
1349 549 1388 625 iu
1424 543 1627 626 communi
1669 535 1829 620 tolerari

153 661 293 761 possit,
327 660 467 740 babeat
493 663 702 763 specialem
731 665 863 746 locum
890 670 938 747 ad
962 670 1173 769 jacendum
1204 699 1211 747 :
1239 671 1315 748 uisi
1344 676 1508 771 propter
1535 685 1667 744 rerum
1696 670 1831 740 custo·

152 776 279 856 diam.
309 774 538 856 Lectoribus
569 790 699 860 tamen
727 810 735 858 :
765 784 982 863 secuudum
1010 786 1289 865 discretionem
1319 785 1468 864 Peioris
1495 780 1760 883 provideatur.

479 999 548 1079 De
583 1002 825 1083 Vestitu:
877 1007 1138 1087 decimum
1175 1010 1507 1112 Capitulum.

237 1262 339 1316 esras
364 1239 499 1321 laneas
527 1266 606 1323 uon
633 1253 818 1342 attonsas,
841 1247 908 1325 ubi
936 1252 1080 1329 servari
1107 1253 1252 1354 poterit
1275 1280 1282 1327 :
1304 1248 1479 1327 delerant
1507 1248 1657 1325 Fratres
1686 1241 1822 1321 nostri.

157 1420 162 1425 .
257 1356 329 1434 Ubi
351 1378 440 1436 vero
459 1359 603 1436 servari
629 1383 708 1439 nou
723 1365 880 1462 poterit,
900 1375 1059 1444 utantur
1078 1367 1222 1445 vilibus
1244 1396 1252 1443 :
1277 1375 1315 1445 et
1332 1365 1464 1466 potius
1484 1362 1610 1440 vilitas
1627 1360 1667 1436 in
1687 1356 1825 1457 cappis

151 1482 341 1550 servetur.
366 1473 497 1552 Liueis
518 1498 596 1554 non
617 1486 778 1556 utantur
802 1480 852 1555 ad
876 1504 1035 1559 carnem
1058 1512 1065 1559 :
1090 1505 1162 1561 nec
1180 1484 1297 1562 etiam
1324 1480 1485 1557 intirmi.
1512 1474 1754 1556 linteamine
1781 1472 1823 1549 in

150 1587 387 1666 lntirmariis
416 1593 560 1669 nostris
588 1593 858 1691 concedimus,
889 1598 995 1696 quod
1024 1598 1160 1676 baberi
1187 1599 1342 1699 possint
1373 1626 1379 1672 :
1411 1606 1449 1675 et
1482 1592 1664 1671 similiter
1693 1591 1733 1666 in
1760 1611 1822 1666 ca-

149 1703 275 1781 meris
301 1703 516 1806 hospitum.
543 1708 680 1787 Nullus
710 1710 849 1788 babeat
878 1711 1012 1811 plures
1038 1714 1192 1793 tunicas
1219 1736 1336 1814 quam
1366 1724 1444 1790 tres
1469 1732 1558 1788 cum
1589 1707 1753 1809 pelliceo
1779 1704 1821 1780 in

149 1827 285 1905 bieme
301 1856 312 1919 3
334 1835 374 1905 et
390 1840 561 1930 quatuor
579 1831 664 1911 sine
682 1832 848 1933 pelliceo
871 1862 878 1908 :
905 1836 1013 1935 quod
1037 1858 1192 1938 semper
1210 1837 1340 1913 tunica
1359 1842 1588 1933 coopertum
1608 1829 1820 1908 deferatur.

200 1942 380 2023 Polliceis
417 1947 689 2045 silvestribus,
729 1959 795 2028 aut
830 1951 947 2028 etiam
984 1952 1244 2052 coopertoriis
1284 1970 1623 2051 quarumcumque
1658 1942 1822 2046 pellium

148 2062 305 2139 Fratres
330 2063 453 2140 nostri
478 2086 556 2142 non
585 2073 773 2158 utantur;
800 2067 874 2143 nisi
902 2067 941 2142 iu
971 2067 1189 2145 lufirmaria
1210 2096 1217 2143 :
1240 2089 1312 2144 nec
1334 2074 1463 2144 tamen
1492 2073 1651 2143 utantur
1674 2058 1822 2138 ibidem

146 2177 413 2277 coopertoriis
441 2178 607 2278 pellium
635 2181 886 2260 silvestrium.
910 2184 1082 2260 Tunicae
1108 2184 1209 2260 circa
1234 2180 1413 2260 cavillam
1439 2181 1586 2280 pedum
1615 2175 1820 2268 inclusive,

146 2302 187 2371 et
216 2315 294 2371 non
323 2292 412 2394 plus
438 2295 678 2375 descendant
711 2326 718 2373 :
753 2298 972 2397 scapularia
1005 2299 1107 2377 circa
1133 2309 1410 2398 cooperturam
1438 2316 1623 2397 genuum.

200 2406 331 2509 Cappa
366 2432 458 2487 vero
485 2411 533 2489 sit
560 2411 718 2490 brevior
743 2415 875 2491 tunica
915 2444 921 2489 :
958 2423 996 2493 et
1023 2415 1140 2492 etiam
1180 2413 1402 2514 pelliceum.
1435 2410 1590 2509 Caligas
1622 2421 1660 2487 et
1689 2431 1826 2486 soccos

151 2523 403 2622 habebimus,
434 2534 476 2604 ut
502 2550 662 2606 necesse
688 2529 833 2607 luerit:
865 2540 903 2608 et
930 2530 1091 2608 facultas
1118 2529 1352 2629 permiserit.
1385 2527 1529 2604 Ocreas
1561 2546 1639 2603 non
1668 2522 1828 2602 babebi-

153 2642 243 2719 mus
265 2669 273 2718 ε
296 2663 368 2719 nec
385 2643 644 2723 cbirotbecas.
668 2645 834 2724 Bottae:
858 2658 968 2726 extra
992 2654 1100 2747 septa
1119 2644 1347 2724 Monasterii
1367 2665 1445 2721 nou
1465 2649 1685 2741 portentur.

448 2870 517 2947 Dc
549 2869 788 2948 uasere:
843 2872 1178 2950 undecimum
1211 2871 1529 2974 Capitulum.

152 3132 333 3306 Resona
359 3113 410 3191 sit
436 3113 618 3212 superius
646 3135 724 3192 non
751 3114 921 3206 modica,
951 3123 993 3192 ut
1017 3111 1235 3211 Religiosos
1258 3112 1368 3189 decet
1391 3141 1397 3186 :
1421 3111 1477 3187 sic
1503 3122 1542 3189 ut
1572 3110 1673 3189 inter
1700 3109 1826 3208 ipsam

258 3237 297 3307 et
329 3250 471 3323 aures,
506 3251 582 3306 non
623 3230 701 3306 sint
739 3230 979 3330 plusquam
1016 3236 1093 3306 tres
1129 3227 1253 3329 digiti.
1291 3229 1468 3304 Tonsura
1515 3247 1715 3326 quoque:
1761 3226 1828 3299 liat

150 3342 322 3442 desuper
360 3366 484 3422 aures.
528 3346 675 3422 Rasura
707 3369 799 3422 vero
836 3344 901 3422 liat
936 3369 956 3421 a
994 3343 1177 3420 Pascbate
1207 3365 1332 3443 usque
1365 3342 1414 3417 ad
1450 3342 1589 3418 testum
1635 3339 1826 3416 Omnium

152 3458 386 3537 Sanctorum
420 3461 469 3538 de
504 3459 704 3561 quindena
737 3461 778 3536 in
815 3461 1089 3561 quindenam3
1122 3457 1268 3536 deinde
1301 3468 1430 3535 autem
1468 3456 1589 3534 semel
1625 3456 1665 3532 iu
1700 3453 1828 3533 tribus

152 3575 385 3674 septimanis
410 3604 417 3651 :
440 3578 494 3655 ita
515 3587 663 3671 tamen,
686 3575 793 3675 quod
817 3584 980 3678 propter
1001 3575 1098 3654 festa
1118 3572 1310 3652 solemnia
1335 3572 1461 3673 possit
1478 3596 1549 3673 per
1568 3573 1655 3652 dies
1677 3570 1829 3671 aliquot

151 3691 371 3790 praeveniri
406 3691 467 3769 vel
501 3690 706 3771 retardari.

438 3915 502 3993 De
537 3916 793 3999 Silentia:
846 3920 1192 3999 duodecimum
1227 3915 1529 4018 Capitulum.

111 4238 114 4243 ,
209 4178 380 4233 maurmu
410 4159 563 4236 Fratres
593 4160 716 4237 nostri
746 4170 900 4239 teneant
928 4161 967 4238 in
994 4162 1186 4255 Claustro,
1208 4160 1247 4235 in
1278 4158 1534 4249 llormitorio‚
1556 4156 1594 4231 in
1624 4155 1756 4250 Callis,
1780 4154 1819 4228 in

231 4271 465 4369 Refectorio,
487 4285 523 4352 et
553 4274 594 4350 iu
621 4273 807 4355 Oratorio
835 4278 1043 4354 Fratrum:
1067 4273 1142 4354 uisi
1170 4274 1270 4353 forte
1295 4274 1456 4351 silenter
1479 4270 1629 4370 aliquid
1658 4268 1820 4368 loquan-

147 4395 226 4475 tur,
253 4410 330 4465 uon
359 4398 486 4468 tamen
515 4392 694 4470 oratioue
721 4393 903 4493 perlecta.
925 4391 1029 4469 Alibi
1054 4402 1185 4470 tamen
1216 4390 1324 4489 loqui
1353 4400 1536 4489 poterunt
1557 4413 1566 4462 ε
1587 4386 1637 4462 de
1660 4382 1819 4461 licentia

148 4501 323 4600 speciali.
345 4502 491 4582 Omnes
509 4508 674 4585 Fratres
702 4507 848 4609 ubique
875 4509 983 4586 intus
1004 4516 1043 4587 et
1064 4517 1170 4585 extra
1194 4505 1395 4585 silentium
1425 4511 1580 4581 teneant
1603 4502 1642 4577 iu
1668 4521 1817 4594 mensa,

149 4626 230 4693 tam
261 4618 416 4698 Priores
442 4644 561 4721 quam
587 4623 655 4700 alii
680 4633 872 4725 :excepto
900 4646 993 4720 uuo,
1020 4625 1087 4725 qui
1116 4628 1241 4724 major
1267 4621 1382 4697 fuerit
1410 4621 1511 4696 inter
1537 4640 1619 4714 eos,
1640 4616 1699 4695 vel
1723 4614 1816 4709 aliu,

114 4732 211 4808 'cui
239 4756 312 4832 pro
340 4759 381 4813 se
410 4735 517 4838 loqui
547 4726 819 4831 commiserim
849 4752 887 4818 et
921 4751 1015 4819 tuno
1049 4742 1132 4841 ipse
1167 4748 1289 4819 taceat
1315 4734 1521 4835 :exceptis
1554 4733 1750 4835 blagistris
1778 4732 1817 4808 in

146 4848 371 4951 theologia.
403 4853 517 4931 Prior
542 4866 672 4933 tamen
700 4856 980 4935 conventualis
1012 4885 1019 4931 :
1056 4866 1185 4955 potest
1211 4853 1413 4931 licentiare
1447 4872 1569 4927 uuum
1602 4850 1651 4927 de
1686 4870 1818 4926 secum

144 4965 447 5046 comedentibus
472 4970 522 5047 ad
549 4970 807 5071 loquendum.
839 4970 876 5048 Si
905 4995 997 5049 vero
1027 4973 1161 5073 plures
1190 4970 1344 5047 Priores
1379 4967 1664 5046 tbnvenruales
1699 4962 1818 5042 simul

144 5080 356 5159 comedere
405 5087 651 5189 contigerit:
691 5088 803 5166 Prior
837 5089 1073 5188 antiquioris
1100 5087 1324 5165 tuerentur
1361 5086 1555 5185 loquatur,
1590 5095 1628 5161 et
1663 5081 1730 5159 uni
1766 5079 1820 5157 lo

143 5195 296 5296 quendi
325 5198 523 5277 licentiam
554 5204 650 5280 dare
678 5205 815 5305 possit.

197 5309 336 5389 Nullus
363 5326 493 5392 autern
529 5319 700 5396 aliorum
735 5320 882 5398 ibidevn
918 5319 1117 5420 loquatur,
1158 5317 1234 5393 nisi
1269 5315 1319 5393 de
1356 5316 1585 5393 rrecessariis
1621 5334 1817 5391 mensae:

140 5436 182 5505 et
212 5426 289 5505 boc
314 5451 386 5527 per
411 5434 568 5509 unicam
597 5437 819 5514 orationem
845 5436 1016 5514 breviter
1041 5442 1081 5513 ct
1107 5432 1333 5523 submisse;
1365 5432 1439 5507 nisi
1469 5431 1518 5507 de
1546 5430 1703 5509 licentia
1731 5426 1821 5529 Epi·

141 5565 376 5649 scoparum,
402 5568 471 5624 seu
500 5549 740 5647 Electorum,
765 5563 833 5629 aut
859 5550 974 5627 etiam
1004 5552 1199 5653 rnajorurn
1229 5548 1302 5647 bis,
1328 5572 1396 5625 seu
1422 5546 1540 5625 etiam
1571 5546 1734 5649 uagam,
1752 5564 1821 5623 seu
