1288 1708
398 186 446 205 nist.
461 186 487 205 11.
503 185 530 204 De
543 185 632 204 electione
646 184 720 204 Prior-12³
733 183 868 204 Promncialis.
1027 184 1052 203 29

214 224 315 243 hibernus.
331 223 407 243 instare
419 225 485 243 autem
504 222 621 242 electionem
639 222 714 241 Prioris
731 222 859 241 Provincialis
877 221 974 240 dicimus:
989 226 1052 246 quan-

214 252 330 277 documque
349 252 451 272 Provincia
468 257 507 271 non
530 251 590 271 habet
611 251 700 270 Priorem
722 250 863 270 Provincialem
883 252 1005 275 praesentem
1020 249 1051 269 vel

214 281 325 301 absentem.

242 310 301 329 Prior
314 312 379 329 autem
395 309 523 329 Provincialis
532 308 647 333 supradicto
657 308 717 328 modo
726 308 800 328 electus
810 308 882 334 poterit
892 314 927 333 per
936 308 1050 333 Magistrum

215 338 301 359 ordinis
316 338 435 361 confirmari,
454 338 484 357 vel
498 338 541 362 ejus
553 337 622 357 electio
635 338 720 357 cassari:
744 338 760 357 si
776 338 813 363 ipsi
835 337 928 363 Magistro
946 337 1050 357 videbitur.

216 367 277 392 Quod
290 367 306 387 si
320 367 375 386 Ordo
387 367 502 392 Magistrum
517 372 556 386 non
570 366 674 386 habuerit:
690 366 755 391 ipsum
773 366 856 386 electum
870 366 1009 390 confirmandi,
1021 366 1051 385 vel

216 396 339 420 infirmandi,
350 398 370 415 et
383 395 408 415 ad
421 395 469 415 dicti
483 395 542 415 officii
557 396 703 420 susceptionem
718 395 858 421 compellendi,
869 395 957 415 Vicarius
970 395 1051 414 Ordinis

217 424 291 444 habeat
309 427 432 449 potestatem.
448 424 468 444 Si
482 429 528 443 vero
547 426 591 449 post
604 423 774 443 confirmationem
792 429 827 449 per
841 424 955 449 Magistrum
969 423 1051 443 Ordinis

217 453 297 477 factam,
308 456 412 478 antequam
430 452 456 472 ad
471 452 554 472 electum
567 452 610 477 ipsa
624 453 749 472 confirmatio
767 453 873 477 perveniat,
886 453 999 478 Magistrum
1014 452 1051 472 01·-

217 482 271 502 dinis
286 482 336 501 mori
353 481 383 501 vel
398 481 484 501 amoveri
501 481 619 507 contigerit:
637 481 760 501 confirmatio
774 487 831 501 suum
846 481 939 501 sortiatur
951 481 1049 501 eflectum.

243 511 352 531 Statuimus
364 512 437 532 autem.
449 512 469 530 ut
482 510 538 529 Prior
553 510 679 529 Provincialis
693 510 713 529 in
727 510 819 535 Capitulo
828 510 918 530 (lenerali
931 516 942 529 a
952 510 1051 535 Magistro,

218 541 237 559 ct
250 539 394 559 Definitorihus
405 539 491 564 Capituli
505 538 617 563 (praemissa
632 539 720 564 diligenti
735 539 879 558 examinatione
889 546 892 558 :
902 538 1051 563 >confit-metm,

217 568 248 588 vel
263 570 380 587 amoveatur,
391 567 448 587 Prior
460 570 526 587 autem
541 567 669 587 Provincialis
683 568 771 587 eamdem
781 568 851 587 habeat
861 569 977 592 potestatem
985 567 1006 586 in
1017 572 1052 587 sua

219 597 329 620 Provincia,
342 602 401 622 quam
419 599 438 616 et
453 597 542 622 Magister
558 596 656 617 Ordinis:
673 598 692 615 et
704 596 773 615 eadem
787 596 824 616 sibi
838 597 954 619 reverentia,
969 599 989 616 et
1006 596 1052 616 obe-

218 627 294 647 dientia
307 633 318 646 a
331 627 532 652 comprovincialibus
545 627 670 650 exhibeatur,
680 632 730 651 quae
744 627 836 652 Magistro
849 626 932 646 Ordinis
943 634 946 645 :
959 626 996 646 nisi
1014 626 1052 645 Ma-

219 656 280 682 gister
294 661 386 681 praesens
400 656 502 675 exstiterit.
514 656 563 675 item
578 655 635 675 Prior
649 655 777 675 Provincialis
787 657 847 675 totam
859 661 914 674 suam
928 655 1052 675 Provinciam

218 691 254 710 per
263 690 284 704 se
298 685 322 709 (si
333 685 413 710 polerit)
422 684 451 704 vel
466 690 500 709 per
514 684 602 704 Vicarios
611 684 694 703 idoneos
704 686 793 703 teneatur
802 684 884 709 singulis
891 684 949 703 annis
958 684 1037 703 visitare
1047 691 1051 703 z

218 714 292 741 quibus
306 714 440 734 auctoritatem
453 720 508 734 suam
524 714 641 737 committat,
659 715 717 739 prout
734 714 772 733 sibi
790 714 888 734 videbitur
903 714 1001 739 expedire.

244 743 322 763 Priores
337 745 403 762 autem
414 742 553 766 Provinciales,
569 748 615 762 eum
632 742 705 762 fuerint
722 742 815 765 absoluti,
832 742 857 761 ad
876 742 920 762 illos
941 743 1053 763 Conventus

219 772 342 798 pertineant,
361 771 386 791 de
406 771 478 796 quibus
501 771 580 791 fuerunt
601 771 713 796 assumpti:
731 771 768 790 nisi
790 777 825 796 per
837 771 953 797 Superiores
967 777 1013 791 suos
1028 771 1053 790 de

218 801 248 821 eis
262 801 318 820 aliter
331 800 390 820 fuerit
402 800 522 824 ordinatum.
534 800 553 820 Si
568 806 614 820 vero
629 800 649 819 in
664 800 806 820 Provincialatu
820 800 953 823 decesserint;
969 800 1022 824 libri,
1034 802 1054 819 et

220 830 266 849 alia.
276 835 326 855 quae
340 829 450 849 hahuerunt
464 835 500 854 per
515 829 648 854 provisionem
662 829 744 849 Ordinis
760 835 769 848 a
786 829 895 853 Provincia,
911 830 939 849 vel
956 829 1015 849 etiam
1028 829 1053 848 ab

220 859 288 884 aliquo
310 858 417 880 Conventu.
434 861 540 883 antequam
553 861 618 878 essent
635 858 774 882 Provinciales,
788 858 816 878 vel
831 859 850 878 in
870 859 912 884 ipso
927 858 1053 879 Provinciala-

221 890 252 908 tus
270 887 349 907 officio:
363 887 388 906 ad
402 887 533 911 Provinciam,
548 887 577 907 vel
592 887 722 911 Conventum,
735 887 787 907 unde
803 888 920 911 habuerunt,
937 888 1054 913 simpliciter

221 916 355 942 pertinebunt.
368 916 393 935 Ea
406 921 458 939 vero,
475 922 525 941 quae
538 916 684 941 acquisiverunt
700 918 789 941 tempore
803 917 961 940 Provincialalus,
973 917 998 936 ad
1008 917 1054 936 Pro-

221 945 296 965 vincias
309 950 392 970 quarum
404 947 460 964 erant
472 945 557 969 Priores,
568 945 686 970 spectabunt
699 951 735 970 pro
750 945 852 965 medietate
863 953 867 964 z
878 949 897 965 et
906 951 941 971 pro
951 945 1054 965 medietate

223 974 247 993 ad
265 974 377 993 Conventus
391 979 444 997 suos,
459 979 544 999 quorum
558 977 602 993 sunt
621 974 663 993 filii.
674 974 715 993 Alia
729 980 775 993 vero
791 975 858 994 omnia
871 975 911 994 sint
920 975 1054 994 Conventuum

223 1008 304 1022 suorum
315 1010 319 1021 1
330 1008 414 1027 quorum
430 1006 476 1022 sunt
488 1003 530 1021 filii.
545 1003 566 1022 Et
581 1003 634 1023 idem
644 1003 729 1023 dicimus
739 1010 742 1022 z
753 1003 778 1022 de
786 1003 844 1023 honis
854 1004 988 1023 Procuratoris
997 1003 1054 1023 Ordi-

224 1032 260 1051 nis.
280 1031 352 1051 Relicta
370 1034 434 1051 autern
452 1032 538 1057 Magistri
555 1032 644 1054 Ordinis.
662 1038 712 1057 quae
727 1032 831 1057 acquisivit
848 1033 867 1051 in
882 1032 1001 1057 Magisterio,
1019 1037 1055 1057 pro

224 1060 326 1080 medietate
344 1060 382 1080 sint
397 1061 427 1079 sui
444 1061 555 1080 Conventus
572 1061 688 1086 originalis:
704 1061 741 1080 alia
756 1067 802 1081 vero
813 1061 907 1081 medietas
916 1061 941 1081 ad
950 1067 1055 1081 commune

224 1089 304 1109 Ordinis
320 1089 393 1109 honum
412 1090 515 1114 pertineat.

249 1118 356 1138 Statuimus
375 1121 446 1142 autem,
465 1121 486 1138 ut
501 1119 521 1138 in
538 1119 621 1145 singulis
638 1119 747 1139 Provinciis
770 1120 848 1139 Priores
873 1120 1009 1143 Provinciales,
1026 1120 1055 1139 vel

224 1152 291 1167 eorum
308 1147 388 1171 Vicarii,
403 1150 422 1166 et
440 1147 557 1168 Definitores
576 1148 661 1173 Capituli
681 1149 816 1173 Provincialis,
834 1149 946 1168 Provincias
958 1154 1003 1168 suas
1020 1154 1055 1174 per

225 1176 310 1195 Vicarias
325 1176 451 1201 distinguant,
469 1177 578 1197 secundum
594 1177 648 1202 quod
665 1178 694 1197 eis
711 1178 810 1197 videbitur
819 1177 911 1202 expedire
921 1184 925 1200 ;
935 1177 1007 1202 quibus
1018 1178 1056 1197 sin-

225 1205 276 1230 gulis
283 1204 370 1224 vicarios
380 1205 500 1230 praeficiant,
510 1206 545 1231 qui
556 1212 594 1226 non
606 1206 646 1226 sint
661 1206 746 1231 Priores,
757 1207 786 1226 vel
804 1207 892 1226 Lectores
907 1209 951 1226 actu
962 1206 1055 1232 legentes,

226 1233 263 1253 nisi
279 1233 334 1258 prius
348 1239 358 1253 a
372 1234 413 1253 suis
428 1234 498 1254 officiis
511 1235 652 1255 absolvantur:
667 1238 687 1256 et
701 1236 797 1261 requisito
810 1235 894 1255 consilio
904 1235 992 1255 Fratrum
1002 1241 1057 1261 prae-

225 1262 316 1285 sentium,
326 1262 351 1282 nd
360 1262 421 1282 dictas
429 1263 514 1284 Vicarias
524 1265 674 1290 pertinentium
684 1265 719 1290 qui
735 1265 774 1285 sint
785 1265 810 1284 (le
824 1270 906 1289 corpore
917 1264 999 1289 Capituli
1012 1265 1057 1284 Pro-

224 1290 318 1310 vincialis.
326 1290 363 1315 Qui
376 1291 448 1311 vicarii
463 1292 483 1311 in
496 1292 591 1313 domibus
600 1293 638 1313 sibi
648 1294 759 1319 assignatis,
772 1294 845 1313 Prioris
855 1293 982 1313 Provincialis
992 1294 1057 1318 plena-

224 1319 254 1339 rie
263 1319 314 1339 vices
326 1323 404 1345 gerant:
419 1321 505 1347 exceptis
518 1322 621 1349 dumtaxat
634 1322 767 1347 institutione,
778 1326 798 1343 et
813 1322 942 1342 destitutione
955 1322 1055 1345 Priorum,

223 1350 244 1368 et
256 1347 371 1372 tectorum
383 1352 403 1369 et
407 1349 486 1376 ubique
499 1350 542 1372 loca
555 1357 591 1372 sua
759 1351 779 1372 in
795 1351 891 1377 Capitulo,
904 1352 951 1371 dum
969 1351 1053 1371 officium

223 1382 271 1397 suae
284 1376 369 1397 vicariae
387 1383 492 1399 exercent:
512 1386 570 1406 quo,
762 1381 767 1385 '
798 1380 910 1400 immediate
928 1380 1055 1406 praecedente

221 1405 339 1426 electionem
349 1406 479 1428 Definitorum
490 1409 538 1436 Capi
570 1409 575 1415 ⁵
772 1407 783 1414 ⁴¹
808 1413 821 1430 t.
834 1410 873 1430 llos
887 1413 952 1429 autem
967 1409 1055 1429 vicarios

221 1435 282 1456 Prior
295 1434 421 1456 Provincialis
433 1438 521 1464 corrigar
540 1432 564 1441 ’ἦ
812 1439 892 1461 ‘miabili
907 1444 1004 1458 amovere.
