3990 6082
170 365 277 473 252
787 366 828 467 Ν
838 363 1214 471 OVEMBER.

167 581 448 687 Cordubae
495 613 504 680 ;
558 580 876 685 sanctorum
920 582 1228 718 martyrum
1256 580 1447 686 Aciseii
1488 600 1541 685 et
1574 578 1821 686 Victoria

169 727 574 864 germanorum.
618 724 727 847 Qui
775 728 832 827 in
884 725 1266 864 persecutione
1313 726 1637 830 Diocletiani
1680 727 1816 862 jussu

169 872 360 976 Dionis
404 869 649 1009 praesidis
705 871 990 974 saevissime
1034 873 1312 976 cruciati:
1375 871 1603 974 coronas
1646 905 1677 972 a
1732 871 1818 973 Do·

167 1019 319 1118 mino
357 1016 549 1118 litostri
594 1015 841 1152 passione
881 1020 1221 1118 mernerunt.
1250 1014 1628 1118 Alexandriae:
1663 1017 1813 1119 sancti

167 1161 412 1300 Dionysii
445 1159 717 1297 Episcopi,
746 1195 973 1262 summae
1015 1158 1341 1264 eruditionis
1367 1161 1483 1264 viri.
1508 1157 1619 1284 Qui
1648 1163 1812 1261 multis

163 1304 599 1409 confessionibus
626 1305 824 1427 clarus·
851 1322 905 1406 et
932 1338 1032 1442 pro
1053 1304 1373 1443 passionom
1401 1307 1810 1408 tormentorom·

163 1486 274 1587 que
314 1447 626 1553 diversitate
665 1446 1027 1584 magnificus:
1071 1450 1267 1584 picnns
1305 1446 1520 1554 diorum
1564 1448 1810 1553 confossor

162 1595 390 1732 quierit,
415 1591 692 1694 Valeriani
723 1611 775 1694 et
796 1592 1033 1695 Gallioni
1054 1594 1449 1730 imperatorum
1475 1593 1807 1732 temporibus.

163 1738 508 1842 Aurelianis:
539 1737 711 1838 sancti
753 1735 952 1837 Anioni
992 1736 1270 1876 Episcopi,
1312 1738 1469 1874 eujus
1507 1757 1735 1840 mortem
1767 1739 1804 1837 in

164 1885 464 2018 conspectu
491 1879 708 1983 Domini
733 1881 1027 2018 pretiosam
1054 1882 1314 1985 miracula
1338 1885 1526 1986 crebra
1546 1885 1802 1985 testantur.

163 2031 223 2129 ln
244 2025 550 2128 Britannia:
580 2029 752 2129 sancti
777 2023 1024 2160 Hngonis
1047 2024 1320 2164 Episcopi.
1345 2025 1454 2148 Qui
1476 2060 1538 2130 ex
1561 2026 1804 2128 Monaeho

164 2169 531 2275 Carthasiaino
583 2168 649 2271 ad
705 2169 1003 2273 Ecclesiam
1057 2168 1489 2275 Lincoinic'nsem
1539 2169 1802 2306 regendam

163 2318 384 2418 vocatus
407 2346 417 2416 :
443 2312 629 2415 moitis
651 2315 845 2416 claruit
868 2314 1162 2435 miraculis
1186 2334 1238 2418 et
1259 2334 1448 2418 saneto
1473 2312 1586 2418 fine
1606 2316 1802 2451 quievit.

164 2458 443 2563 Turonis:
477 2459 649 2559 sancti
693 2457 941 2592 Gregorii
983 2456 1259 2596 Episcopi.
1302 2460 1631 2588 Florentiae:
1664 2456 1804 2561 sancti

164 2602 395 2741 Engonii
457 2601 794 2724 confessoris,
842 2601 1072 2705 Diaconi
1123 2601 1267 2705 beati
1314 2603 1545 2706 Zenobii
1591 2602 1803 2739 ejosden

166 2749 398 2854 civitatis
419 2745 694 2885 Episcopi.
1406 2768 1409 2775 ’

105 2943 218 3046 an
357 2941 794 3064 Quartodocimo
814 2940 1087 3044 Kalendas
1113 2940 1458 3045 Deeombris:
1485 2939 1639 3044 Luna

163 3119 1803 3255 abetlet’ghiktmnpqrstn

162 3271 1807 3357 ὕ28ἳ9301ῗῧ456“Ι89-10111Ή3141516

166 3390 1807 3503 ABCDEFFGHMNP

316 3555 362 3632 18
458 3552 504 3632 19
606 3552 654 3630 ⁶20
754 3552 798 3629 Di
902 3554 951 3632 22
1051 3554 1099 3631 22
1199 3554 1248 3633 93
1345 3556 1394 3634 Di
1492 3558 1542 3639 25
1642 3557 1690 3637 26
1774 3547 1808 3628 ii

167 3556 212 3634 Π

5 3737 65 3805 oie
95 3742 147 3806 ra.
168 3725 402 3949 Rotam:
429 3706 716 3812 Deoicotio
742 3708 1088 3812 basilieornm
1111 3711 1426 3814 sanctorum
1446 3712 1808 3856 Apostoionnn

289 3854 430 3956 Petri
458 3871 511 3955 et
539 3852 704 3954 Pauli.
735 3850 984 3973 Quarum
1026 3856 1257 3991 primam
1292 3858 1346 3957 in
1377 3860 1695 3998 ampliorem
1724 3854 1808 3955 ior·

165 3998 644 4133 mamrestittitam
675 3993 934 4100 Urbanus
963 3996 1219 4111 Octavus,
1252 4002 1354 4105 hac
1379 4003 1495 4141 ipsa
1526 4004 1809 4107 recurrente

162 4144 251 4247 die
274 4175 286 4265 3
328 4144 551 4244 alteram
574 4176 700 4243 vero
733 4142 1039 4244 miserando
1061 4142 1319 4246 ince'ndio
1342 4149 1564 4284 pe'nitns
1587 4147 1810 4251 constin-

162 4306 333 4427 ptam,
359 4321 421 4389 ae
448 4284 894 4422 magnifieontins
932 4287 1320 4390 reaedificatam
1362 4290 1486 4393 Pius
1518 4292 1709 4394 Nonus
1743 4284 1810 4388 die

162 4432 374 4538 de'eima
405 4431 736 4549 Decembris,
761 4431 1019 4533 translata
1045 4451 1229 4535 tamen
1253 4436 1308 4532 in
1337 4441 1663 4571 praesentem
1690 4432 1810 4535 diem

161 4577 528 4680 anniversaria
548 4576 1071 4679 commemoratione
1088 4610 1099 4681 :
1115 4578 1339 4680 solemni
1358 4579 1464 4681 ritu
1481 4574 1811 4685 consecravit.

159 4719 381 4824 Festum
431 4719 664 4861 Duplex,
717 4721 1036 4823 Antiochiae
1082 4754 1091 4823 :
1149 4723 1336 4823 natatis
1380 4726 1553 4828 sancti
1604 4715 1815 4827 Romani

160 4868 427 5005 martyris.
453 4864 562 4986 Qni
607 4869 851 5001 tompore
879 4864 1080 4968 Galorii
1108 4864 1471 5001 imperatoris,
1497 4904 1625 4972 cnm
1655 4866 1817 4971 Ascle·

160 5011 345 5150 piaoes
374 5011 664 5147 praefectos
685 5012 740 5110 in
766 5010 1045 5112 ecclosiam
1081 5010 1427 5146 irromperet,
1450 5016 1686 5147 eamque
1711 5011 1820 5113 son·

162 5157 312 5257 oitus
340 5158 635 5258 conaretur
660 5157 899 5257 evortere
923 5186 933 5255 1
955 5159 1171 5258 ce'teros
1199 5152 1541 5259 Christianos
1567 5158 1821 5265 hortatus,

164 5319 226 5400 ut
266 5302 309 5400 ei
352 5299 831 5421 contradicerent3
871 5318 993 5436 post
1040 5301 1157 5401 dira
1199 5305 1493 5429 tormonta,
1540 5319 1593 5403 et
1639 5303 1826 5438 lingna

164 5443 551 5546 abscissionem
579 5446 712 5558 (sine
734 5479 844 5578 qua
870 5462 1049 5565 tamen
1076 5444 1172 5547 Dei
1199 5444 1472 5581 praeconia
1495 5445 1828 5582 loquebatur)
