1288 1708
482 243 598 267 INCIPIT
623 243 797 267 PROLOGUS

244 330 302 374 IN
327 330 532 376 LIBRUM
557 329 1032 376 CONSTITUTIONUM

369 431 490 451 FRATRUM
503 432 574 451 SACRI
586 432 685 451 ORDINIS
698 431 918 450 PRAEDICATORUM.

396 514 462 528 nonum
475 514 498 528 ex
518 510 623 534 praecepto
637 508 722 533 Regulae
733 510 827 534 jubemur
838 509 911 529 habere
925 515 961 529 cor
979 515 1036 529 unnm
1044 525 1049 533 ‚

409 540 428 557 et
440 537 526 557 animam
540 542 600 557 unam
614 537 634 556 in
649 537 749 563 Domino;
757 539 831 563 justum
845 540 874 558 est
887 541 909 558 ut
922 538 957 563 qui
971 538 1008 558 sub
1016 544 1049 558 una

409 566 488 591 Regula,
502 569 521 586 et
533 566 592 586 unius
605 566 734 591 professionis
748 569 792 587 voto
806 567 897 591 vivimus,
912 567 1021 587 uniformes
1032 567 1049 586 ia

409 595 537 615 observantiis
554 595 665 615 Canonicae
679 596 788 621 Religionis
802 596 925 616 inveniamur
940 603 944 615 :
959 598 1050 621 quatenus

233 646 235 649 ⁴
388 625 389 647 t
408 624 509 647 unitatem,
524 629 574 649 quae
588 623 671 643 interius
682 627 712 644 est
728 625 822 644 servanda
836 625 856 644 in
870 624 966 644 cordibus
976 638 981 647 ,
994 625 1050 644 fovent

229 636 274 673 Q..
321 641 388 673 ‘vt
407 654 426 672 et
447 654 580 677 repraesentet
594 652 719 672 uniformitas
734 653 819 673 exterius
833 655 908 673 servata
922 653 942 672 in
959 653 1048 673 moribus.

222 677 281 702 Quod
295 679 382 704 profecto
395 687 419 701 eo
432 682 576 707 competentius
590 684 610 701 et
618 681 725 706 perfectius
735 682 806 707 poterit
814 682 914 702 observari
923 689 928 705 ;
940 682 956 701 si
967 687 996 706 ea,
1006 687 1050 707 quae

222 708 295 731 agenda
310 711 361 733 sunt,
378 710 451 735 scripto
466 711 537 730 tuerint
550 710 688 730 commendata
703 718 707 729 ε
722 711 738 730 si
752 711 851 734 omnibus,
862 710 948 736 qualiter
960 711 1050 730 sitviven-

221 735 276 760 dum,
291 737 387 763 scriptura
401 741 450 759 teste
462 740 584 762 innotescam
596 739 611 758 si
626 741 709 763 mutare,
724 739 754 759 vel
768 739 847 763 addere,
859 739 889 759 vel
903 740 994 759 minuere
1007 739 1050 759 nulli

220 765 328 791 quidquam
342 768 423 792 propria
439 768 540 788 voluntate
549 768 606 787 liceat
616 774 620 786 :
632 773 656 787 ne
669 769 685 787 si
700 768 781 788 minima
796 768 947 794 neglexerimus,
963 768 1050 793 paulatim

221 795 338 816 defluamus.

245 825 273 844 Ad
291 825 338 846 haec
353 829 417 846 tamen
435 827 534 847 Praelatus
548 828 568 847 in
586 833 622 847 suo
635 827 737 847 Conventa
751 826 879 852 dispensandi
894 832 940 846 cnm
955 826 1051 846 Fratribus

221 853 292 874 babeat
302 858 425 880 potestatem,
434 862 479 876 cum
488 857 527 876 sibi
536 857 643 882 aliquando
653 856 752 876 videbitur
761 856 854 881 expedire
864 863 867 875 ε
876 856 896 875 in
904 856 936 876 his
943 856 1050 881 praecipue,

221 888 271 907 quae
290 884 392 909 studium,
411 885 440 904 vel
457 885 640 910 praedicationem,
659 885 687 904 vel
705 885 816 904 animarum
832 885 919 904 fructum
937 884 1052 904 videbuntur

222 911 334 936 impedire;
350 919 394 933 cum
408 914 464 933 Ordo
478 916 545 934 noster
559 914 669 940 specialiter
683 914 710 934 ob
724 913 897 939 praedicationem,
912 916 932 933 et
944 913 1050 933 animarum

221 940 305 964 salutem
328 942 352 962 ab
374 943 432 962 initio
454 946 545 963 noscatur
568 943 669 963 institutus
688 943 748 962 fuisse
763 950 767 961 :
783 945 802 962 et
820 942 908 968 studium
925 945 1015 962 nostrum
1030 941 1051 961 ad

221 968 258 989 hoc
276 970 346 990 debeat
362 971 499 997 principaliter
516 972 625 995 intendere,
644 974 666 991 ut
683 972 820 997 proximorum
837 970 943 991 animabus
957 971 1051 996 possimus

221 998 278 1017 utiles
296 1004 345 1019 esse.
365 1000 442 1020 Priores
460 1001 518 1020 etiam
534 1000 814 1025 utanturdispensationibus
828 1006 831 1019 :
846 1002 867 1019 ut
884 999 918 1019 alii
929 999 1014 1020 Fratres.

247 1026 271 1046 Ut
281 1027 339 1054 igitur
348 1029 418 1048 unitati
428 1032 447 1048 et
459 1029 502 1054 paci
512 1030 572 1049 totius
586 1029 669 1049 Ordinis
677 1029 816 1054 provideamus
825 1035 830 1051 ;
840 1028 933 1048 volumus
942 1031 962 1048 et
972 1028 1052 1048 declara-

222 1060 273 1080 mus,
291 1059 313 1076 ut
330 1057 402 1082 Regula
421 1061 494 1081 nostra,
511 1061 530 1078 et
548 1058 705 1078 Constitutiones
723 1060 800 1077 nostrae
820 1063 858 1077 non
876 1057 967 1082 obligent,
985 1062 1020 1077 nos
1031 1056 1052 1076 ad

223 1084 317 1109 culpam,
334 1086 368 1105 sed
385 1086 409 1106 ad
427 1092 512 1112 poenam
527 1094 531 1106 1
548 1087 585 1106 nisi
603 1090 684 1112 propter
704 1088 831 1112 praeceptum
843 1102 848 1110 ,
867 1086 896 1105 vel
913 1088 1051 1111 contemptum.

223 1113 294 1133 Poenis
308 1117 372 1134 tamen
387 1115 517 1135 absolutionis
530 1116 554 1135 ab
566 1115 637 1139 officio,
649 1115 765 1141 privationis
777 1115 830 1135 vocis
839 1115 916 1134 activae
925 1114 955 1134 vel
964 1115 1052 1140 passivae„

221 1142 315 1167 gravioris
329 1143 405 1169 culpae,
419 1147 438 1164 et
452 1144 496 1164 aliis
510 1144 625 1169 majoribus,
640 1146 828 1170 quantumcumque.
843 1146 883 1163 tam
898 1144 918 1162 in
931 1143 1053 1163 Constitutio-

222 1171 287 1196 nibus,
304 1178 363 1197 quam
376 1176 438 1194 extra,
453 1173 496 1198 ipso
513 1174 564 1193 facto
577 1174 617 1193 sint
630 1173 760 1193 incurrendae
774 1172 818 1196 (nisi
831 1172 856 1192 sit
870 1178 934 1198 poena
946 1177 1054 1192 excommu-

222 1201 326 1221 nicationis
341 1202 389 1222 latae
404 1203 519 1228 sententiae)
533 1203 599 1223 nullus
609 1204 634 1223 sit
643 1203 743 1228 subjectus
752 1210 758 1226 2
769 1203 806 1222 nisi
817 1202 943 1228 superveniat
952 1202 1055 1222 declaratio

223 1229 303 1250 Praelati
323 1231 343 1250 in
363 1231 474 1256 particulari
492 1234 581 1257 respectu
596 1233 654 1257 hujus
669 1240 673 1251 :
688 1234 872 1257 quantumcumque
883 1231 945 1251 etiam
958 1231 1054 1251 notorium

222 1258 273 1282 iacti,
287 1259 318 1279 vel
333 1260 391 1284 juris,
409 1263 443 1280 aut
459 1261 561 1286 utriusque
578 1261 701 1280 interveniat.

248 1287 374 1313 Praeceptum
388 1291 453 1309 autem
466 1290 486 1308 in
496 1289 569 1315 Regula
584 1289 660 1309 nullum
670 1289 715 1314 (nisi
725 1289 779 1315 quud
788 1289 813 1309 de
823 1291 893 1309 natura
902 1294 937 1309 sua
945 1291 976 1309 est
984 1289 1056 1309 ratione

222 1316 280 1336 trium
296 1320 396 1342 votorum,
412 1318 441 1337 vel
454 1318 544 1342 divinae,
563 1320 596 1338 aut
610 1318 757 1338 Ecclesiasticae
772 1318 825 1343 legis)
839 1318 936 1337 contineri
949 1325 953 1337 z
969 1318 1056 1338 volumus

221 1348 240 1365 et
258 1345 387 1366 declaramus.
407 1347 430 1366 Et
449 1347 501 1366 idem
519 1347 537 1366 in
552 1347 743 1369 Constitutioiiibus;
760 1347 797 1366 nisi
818 1347 852 1367 ubi
867 1347 949 1372 ponitur
962 1347 1055 1367 sententia

221 1375 431 1395 excommunicationis
445 1383 448 1395 :
464 1379 498 1395 aut
517 1376 625 1396 formaliter
639 1376 757 1401 exprimitur
771 1381 806 1401 per
820 1376 908 1399 verbum,
924 1376 1055 1401 Praecipimus

222 1403 241 1422 in
258 1404 327 1423 virtute
344 1407 421 1424 sanctae
438 1404 570 1424 obedientiae.
590 1405 613 1424 Et
627 1405 664 1424 hoc
678 1404 730 1424 idem
745 1405 765 1424 in
780 1404 953 1429 Ordinationibus‚
967 1407 987 1425 et
1002 1405 1054 1424 Prae-

223 1431 306 1452 latorum
321 1434 385 1453 verbis
398 1436 417 1453 et
430 1433 514 1453 litteris:
526 1434 609 1458 intelligi
624 1433 721 1453 volumus.
740 1433 823 1453 Poenam
838 1433 1053 1455 excommunicationis.

222 1463 241 1480 et
254 1462 479 1482 excommunicationem
491 1462 542 1482 latae
557 1463 673 1486 sententiae,
685 1468 719 1487 per
733 1462 786 1481 nulla
800 1463 865 1486 verba,
876 1464 915 1482 tum
927 1462 947 1481 in
957 1462 1055 1482 Constitu·
