3982 6084
850 345 1089 450 Malus,
1682 430 1687 437 .
1710 346 1814 454 103

148 573 466 677 domosunt.
482 562 588 670 Sed
613 559 797 701 postea
818 590 918 696 pro
939 554 1050 658 fide
1070 553 1292 675 Christi,
1298 554 1471 691 jubao
1481 575 1532 662 te
1544 557 1813 684 Satollico,

147 718 310 854 alapis
334 712 590 827 caeditur;
612 701 931 808 verberibus
957 697 1242 804 durissime
1262 696 1524 803 allicitur:
1548 735 1611 808 ac
1632 705 1816 809 hostiis

147 857 491 966 devorandus
515 849 770 966 traditur,
798 845 893 950 sed
919 845 1143 950 minime
1163 843 1408 963 laeditur;
1431 846 1655 951 tandem
1676 883 1815 955 mar·

148 1005 350 1146 tyrium
394 1033 559 1105 suum
602 989 963 1096 decollatione
1007 988 1301 1127 complovit
1349 991 1507 1091 te'rtio
1546 988 1815 1096 Kalandas

148 1148 296 1253 Maii:
312 1145 429 1283 ejus
449 1160 631 1246 tamen
653 1135 909 1241 festivitas
932 1134 1033 1234 hac
1051 1131 1141 1234 die
1156 1134 1415 1236 recolitur
1428 1134 1500 1234 ob
1520 1138 1603 1236 sui
1625 1135 1815 1276 corpo-

149 1295 216 1395 ris
242 1287 665 1393 translationem.
688 1276 902 1383 Eodem
929 1276 1052 1377 die:
1075 1293 1278 1378 sanctae
1297 1275 1581 1381 Restitotae
1601 1281 1820 1416 virginis

149 1455 196 1539 et
225 1434 492 1573 martyris.
516 1427 657 1551 Quae
678 1421 970 1525 Valeriano
992 1420 1359 1559 imperante,a
1382 1419 1612 1525 Proculo
1632 1423 1821 1559 jodice

150 1582 199 1681 in
226 1577 409 1681 Africa
429 1573 574 1676 varie
597 1585 755 1687 torta,
779 1566 908 1669 etin
933 1564 1180 1665 navicula
1201 1565 1323 1701 pice
1345 1582 1396 1666 et
1417 1584 1580 1703 stupa
1606 1567 1820 1695 resarta,

154 1740 211 1825 ut
232 1726 287 1825 in
314 1720 448 1823 mari
478 1713 912 1826 combureretur,
940 1709 1195 1844 imposita
1219 1738 1230 1827 ;
1258 1709 1499 1811 immisso
1519 1717 1662 1847 igne,
1691 1745 1822 1816 cum
1854 1813 1856 1816 ,

152 1870 201 1968 in
250 1861 561 1969 incensores
598 1857 818 1957 flamma
858 1856 1301 1957 converteretur:
1331 1852 1446 1989 ipsa
1484 1853 1824 1960 irroratione

154 2011 402 2150 spiritum
421 2006 533 2110 Deo
546 1993 987 2130 raddidit.Cujus
1000 2027 1342 2134 corpuscum
1363 1995 1551 2101 eadem
1578 2001 1824 2103 navicula

162 2153 250 2256 llei
288 2170 428 2254 nutu
453 2147 520 2251 ad
550 2143 822 2246 AEnariam
845 2140 1077 2240 insulam
1107 2173 1278 2278 prope
1305 2139 1587 2278 Neapolim
1627 2143 1824 2249 devoc-

162 2316 292 2418 tum‚
321 2332 350 2398 a
376 2287 699 2397 Christianis
738 2318 935 2419 magna
975 2285 1323 2386 veneratione
1359 2290 1674 2423 susceptum
1705 2306 1823 2392 est:

163 2474 215 2543 ac
243 2434 597 2580 postmodum
627 2433 683 2532 in
712 2427 828 2564 cjus
869 2429 1135 2530 honorem
1174 2425 1568 2532 Constantinus
1595 2430 1828 2566 Magnus

165 2584 429 2687 basilicam
457 2576 683 2715 Neapoli
716 2571 1028 2708 erigendam
1069 2573 1298 2673 curavit.
1322 2572 1640 2677 Noviodrini
1666 2607 1676 2675 :
1700 2609 1825 2678 san·

171 2729 369 2831 ctorum
440 2723 741 2859 martyrum
789 2713 1030 2833 Heradii‚
1075 2714 1242 2836 Pauli,
1289 2731 1343 2817 ct
1383 2714 1647 2850 Aquilini‚
1699 2750 1829 2821 cum

174 2870 379 2977 duobus
417 2868 548 2971 aliis.
585 2868 638 2971 H
645 2862 907 3000 erbipoli:
949 2864 1121 2961 sancti
1166 2857 1441 2961 Brunonis
1479 2857 1735 3003 Episcopi
1775 2882 1829 2967 et

178 3012 494 3119 confessoris.

424 3198 859 3331 Quintoueumo
885 3193 1358 3300 castanasium:
1394 3197 1549 3299 cuna
1759 3168 1885 3302 fan

180 3401 502 3509 abcd
579 3401 916 3528 cigh
992 3399 1007 3497 i
1082 3400 1828 3536 klmnpqrstu

184 3547 1815 3636 11111311151697181930113156789

184 3680 217 3781 i
306 3684 346 3784 a
466 3678 651 3784 or«)
751 3672 798 3777 u
903 3669 944 3772 F
1050 3675 1094 3822 r
1194 3676 1246 3776 o
1346 3673 1536 3785 uon
1634 3675 1680 3776 u
1789 3676 1828 3775 r

310 3834 352 3911 11
457 3828 503 3908 ta
618 3826 665 3905 13
758 3827 805 3904 ll
907 3826 953 3902 lo
1055 3825 1101 3902 lo
1203 3825 1249 3903 16
1351 3826 1395 3903 l'l
1490 3826 1536 3903 18
1639 3827 1685 3906 19
1784 3829 1834 3907 ll)

188 3831 222 3908 tt

269 4019 357 4090 run
396 3984 671 4088 Camertes
701 4015 710 4083 :
739 3981 913 4083 sancti
947 3978 1199 4084 Venantii
1228 3981 1497 4119 martyris.
1527 3979 1637 4105 Qui
1664 3985 1896 4120 quin-nu
1927 4010 1979 4075 ra.

186 4037 260 4259 Α
285 4130 464 4233 decim
484 4160 656 4230 annos
678 4143 852 4242 natus,
874 4124 980 4228 sub
1005 4122 1168 4228 Decio
1188 4124 1517 4261 imperatore
1545 4138 1667 4263 post
1686 4129 1831 4230 varia
1974 4135 1977 4142 ’

153 4300 155 4304 “
190 4277 433 4378 tormonta
459 4271 638 4411 capite
664 4271 984 4373 truncatus:
1014 4267 1298 4404 gloriosam
1328 4267 1568 4372 victoriae
1593 4270 1829 4408 palmam

187 4411 395 4556 ade'ptus
415 4434 507 4521 est.
525 4422 747 4524 Festum
766 4419 1020 4559 Simplex.
1036 4421 1092 4520 ln
1117 4411 1371 4550 AEgypto:
1394 4414 1566 4515 sancti
1588 4411 1829 4518 Dioscori

187 4546 418 4664 lectoris.
450 4559 505 4660 ln
534 4590 702 4695 quem
725 4589 921 4696 praeses
942 4557 1115 4657 multa
1136 4573 1189 4658 et
1215 4554 1360 4656 varia
1386 4558 1659 4659 tormauta
1679 4562 1832 4662 exar-

184 4703 310 4810 cuit:
339 4704 416 4806 ita
439 4720 497 4805 ut
521 4733 732 4837 ungues
752 4699 868 4836 ejus
893 4696 1155 4803 eiloderet
1180 4729 1192 4818 ;
1219 4715 1273 4801 et
1293 4696 1642 4839 lampadibus
1667 4701 1832 4805 latera

180 4839 566 4950 inflammaret:
614 4842 709 4947 sed
755 4843 980 4947 caelastis
1024 4842 1246 4945 laminis
1296 4841 1509 4977 fulgore
1558 4844 1833 4982 pertorriti

175 4991 482 5096 cecidoruut
501 4988 752 5091 ministri.
776 4986 1075 5090 Novissime
1101 4986 1316 5089 laminis
1335 4984 1655 5091 ardontibus
1674 4989 1835 5091 adris-

173 5150 285 5241 tus:
315 5134 641 5274 martyrium
683 5131 1103 5234 consummavit.
1139 5129 1388 5267 Spolati:
1429 5131 1603 5234 sancti
1648 5129 1836 5236 Felicis

168 5277 442 5419 Episcopi,
469 5276 566 5414 qui
594 5275 699 5377 sub
730 5274 1057 5377 Maximiano
1093 5271 1421 5412 imperatore
1450 5275 1693 5413 martyrii
1719 5278 1838 5414 pal-

169 5456 316 5527 mam
342 5418 577 5559 adoptus
596 5431 766 5531 estin
789 5417 1047 5565 AEgypto:
1071 5417 1240 5520 sancti
1266 5415 1598 5520 Potamionis
1622 5417 1842 5557 Episco
