3990 6082
151 309 257 412 292
677 337 919 423 5555555
958 350 1310 421 5555555555

151 488 538 593 minant-enirn
557 487 720 590 ficies
740 519 866 590 suas
894 516 905 588 :
931 504 1000 589 ut·
1020 485 1323 625 appa'reant
1342 479 1673 598 hominibus
1684 475 1817 615 jeju·

151 638 362 738 nentes.
388 630 476 735 Tu
495 649 699 736 autern.
1623 702 1626 707 ⁴
1733 713 1737 719 .

224 793 261 895 F
265 792 372 894 cria
393 786 464 893 V.
1061 770 1752 878 SectindumMatthaeum.

207 961 236 1030 5
274 925 365 1027 illo
405 924 670 1084 ternpore.
723 916 1185 1024 Ctunintruisset
1216 917 1372 1023 lesus
1410 913 1807 1054 Caphdrnaun

149 963 204 1193 l
228 1068 453 1173 accessit
474 1061 543 1164 ad
567 1098 696 1166 eum
718 1061 1003 1186 Centurio,
1030 1097 1394 1200 regensem,
1417 1058 1700 1165 etdicens.
1723 1057 1809 1162 Dd

154 1216 320 1334 ruine,
344 1244 485 1350 puer
522 1242 679 1311 meus
712 1209 859 1344 J‘acet
896 1212 954 1312 in
995 1209 1163 1313 dunin
1202 1207 1578 1348 paralyticus:
1610 1223 1679 1361 et
1689 1204 1808 1306 male

153 1359 466 1496 torqudtur
491 1349 580 1452 Tu
601 1373 807 1462 autern
1727 1420 1731 1425 -

210 1516 378 1616 Festa
399 1512 451 1616 V
456 1513 491 1614 l
1051 1492 1373 1600 Secundum
1400 1494 1747 1598 Matthaeum.

210 1681 238 1747 n
276 1644 367 1761 illo
407 1645 691 1778 te'nrpcre:
723 1641 874 1743 Dixit
910 1638 1063 1743 lesus
1102 1640 1384 1810 discipulis
1421 1642 1551 1744 suis.
1583 1637 1806 1742 Audistis

152 1686 365 1926 lquia
406 1784 614 1889 dictum
656 1802 750 1887 est.
787 1784 980 1921 Diliges
1019 1787 1335 1925 prdxirnurn
1375 1804 1574 1887 tuum:
1605 1802 1660 1889 et
1696 1783 1806 1885 ddic

153 1932 423 2037 habebis
409 1932 698 2032 rnirnicurn
724 1947 901 2031 tuum
928 1928 1043 2066 Ego
1065 1949 1251 2035 autern
1273 1929 1401 2033 dico
1422 1931 1594 2033 vobis.
1610 1927 1806 2065 Diligite

154 2080 407 2182 inimicus
427 2092 649 2178 vestros,
673 2071 761 2174 Tu
782 2092 988 2178 autent

223 2235 478 2338 Sabbato
1136 2214 1457 2324 Secundum
1483 2216 1749 2321 Marcum.

212 2366 359 2467 nillo
386 2367 651 2503 tempore.
682 2361 826 2464 Cum
864 2397 983 2467 sero
1024 2381 1193 2466 esset:
1224 2382 1336 2467 erat·
1378 2366 1531 2466 tiaris
1557 2358 1615 2466 in
1645 2360 1812 2465 medio

152 2405 377 2635 lmen,
396 2523 449 2610 et
469 2505 625 2611 lesus
645 2508 790 2610 solus
812 2510 869 2608 in
892 2527 1052 2612 terra.
1076 2505 1148 2609 Et
1167 2508 1359 2613 videns
1383 2505 1684 2647 discipulus
1702 2538 1814 2608 suos
1862 2514 1865 2547 ¹

157 2653 469 2757 laborentes
488 2652 546 2753 in
570 2651 925 2786 remigendc:
956 2655 1091 2792 (erat
1129 2653 1274 2755 enirn
1300 2672 1497 2756 ventus
1519 2652 1817 2756 contrtirius

157 2799 232 2901 eis
252 2797 287 2936 3)
316 2818 370 2902 et
396 2796 540 2900 circa
573 2816 829 2934 quartani
856 2799 1092 2929 vigiliam
1120 2798 1297 2901 noctis
1325 2799 1474 2902 venit
1499 2797 1567 2900 ad
1592 2830 1688 2901 eos
1713 2798 1820 2898 tiru-

157 2942 357 3045 bulans
379 2975 544 3079 supra
573 2974 745 3044 rnare:
772 2960 824 3045 et
845 2942 1063 3044 volebat
1085 2947 1361 3076 praeten're
1384 2976 1489 3047 eos.
1508 2941 1600 3044 Tu
1620 2960 1820 3047 autem.

225 3104 561 3208 Durninical
580 3099 1037 3234 Quadragesirna‘
1070 3086 1389 3191 Secundum
1409 3086 1762 3190 Mattltaeum

216 3231 400 3332 nillct
380 3236 655 3367 tempore:
679 3184 890 3333 Ductus
912 3230 1186 3333 estlesus
1173 3266 1227 3332 nr
1252 3230 1579 3336 desertuma
1601 3228 1827 3369 Spiritu,

154 3274 225 3504 l
237 3392 298 3474 ut
328 3380 638 3478 tentaretur
663 3408 693 3473 5
720 3375 957 3479 dieib0l0.
994 3375 1106 3477 Et<
1105 3409 1219 3476 uin
1251 3377 1552 3512 jejunasset
1587 3374 1830 3510 quadra

158 3519 307 3645 ginta
349 3517 564 3640 diebus,
594 3537 645 3618 et
667 3518 1033 3653 qnadraginta
1073 3519 1334 3622 ndctibus
1356 3553 1367 3621 :
1391 3520 1581 3659 pdstea
1620 3523 1831 3625 esdriit.

156 3659 246 3763 Tu
267 3680 471 3765 autent.
1516 3797 1519 3801 ‚

234 3827 380 3929 Fene
402 3824 472 3928 ll.'
1061 3804 1382 3910 Secundum
1411 3810 1767 3921 Matt'haeunt,

215 3986 240 4053 5
264 3950 355 4051 illc
377 3954 649 4086 ternpore:
666 3950 811 4053 Dixit
831 3950 986 4054 lesus
1006 3949 1289 4089 discipulis
1309 3955 1438 4056 suis.
1455 3951 1601 4058 Cum
1622 3956 1839 4060 venerit

154 3995 209 4225 Ι
237 4095 405 4197 Filius
429 4095 674 4196 hdrninis
694 4097 753 4195 in
775 4095 1055 4231 majestete
1078 4099 1689 4235 stra‚et01nnesAngeli
1712 4133 1836 4203 curn

166 4271 248 4340 ec:
265 4259 401 4341 tunc
422 4238 638 4342 sedebit
658 4274 824 4378 super
844 4239 1029 4343 sedern
1049 4241 1344 4376 majestdtis
1359 4243 1493 4346 5555.
1515 4242 1602 4344 Tu
1625 4264 1836 4347 autem.

220 4402 382 4508 Feria
410 4401 484 4508 lll
1072 4381 1393 4490 Secundum
1414 4388 1770 4491 Matthaeum.

216 4561 241 4628 5
289 4528 383 4630 illo
423 4530 690 4666 te'rnporc.
731 4524 874 4628 Cum
914 4529 1167 4664 intruisset
1201 4530 1356 4633 lesus
1399 4531 1838 4670 Jercsdlymam:

153 4575 510 4804 [cornmdta
552 4690 631 4775 est
668 4705 924 4774 universa
947 4674 1151 4793 crvrtas
1175 4673 1377 4778 dicens
1406 4674 1543 4798 Quis
1583 4695 1662 4778 est
1708 4676 1843 4781 hic‘l

156 4806 244 4917 Tu
269 4835 475 4920 autern

225 4983 491 5089 Ferialv.
1066 4958 1386 5064 Secundum
1408 4963 1767 5067 Matthaeum.

214 5104 352 5205 nillc
379 5107 644 5240 tempure.
673 5101 1106 5243 Responderunt
1131 5106 1259 5210 lesu
1285 5107 1516 5242 quidam
1538 5108 1609 5211 de
1629 5104 1841 5211 Scribis

151 5156 282 5381 let
330 5248 607 5351 Pharisaeis
637 5279 647 5350 :
678 5248 941 5351 dicentes.
971 5246 1260 5385 Magister:
1299 5253 1552 5355 vdlurnus
1590 5286 1621 5353 5
1662 5271 1721 5356 te
1766 5257 1838 5357 si-

163 5421 336 5522 gnum
363 5390 562 5495 videre.
592 5390 679 5494 Tn
707 5411 909 5495 auteur.
