3990 6082
169 385 217 462 M
268 384 367 460 Diet.
392 382 443 459 ll.
463 381 519 458 lte
535 382 715 459 electione
735 381 883 457 Peioris
904 380 1187 470 Conventaolis‚
1210 386 1246 456 ct
1258 379 1500 456 eminentiore
1515 375 1753 476 Supprimia.

168 534 287 611 situm
315 531 459 609 tactum
486 529 630 622 fuerit;
663 539 789 608 totum
818 530 870 607 sit
897 529 1067 617 irritum,
1101 538 1139 606 et
1166 529 1310 605 inane:
1350 527 1568 605 Provinciis
1616 524 1830 622 Hierosoly·

168 649 314 727 mitana
342 657 381 724 et
407 645 594 723 Graeciae
621 646 823 723 dumtaxat
850 645 1037 744 exeeptis.

216 765 313 841 ltem
342 760 448 839 nulla
474 761 617 838 domus
643 760 900 838 transferatur
926 760 975 836 de
1004 760 1210 837 Provincia
1243 758 1291 837 ad
1331 759 1607 837 Provinciam:
1651 758 1728 834 nisi
1771 780 1831 858 per

166 879 240 956 tria
256 877 434 978 Capitula
461 876 578 954 tuerit
600 877 877 975 approbatum.
899 875 1117 953 Mediocres
1135 874 1276 952 domos
1294 884 1333 953 et
1351 875 1522 952 humiles
1546 875 1704 952 Fratres
1720 875 1828 951 nostri

167 993 367 1071 babeant:
400 1014 471 1068 nec
498 992 606 1087 liant,
628 999 694 1068 aut
720 991 1001 1091 permittantur
1027 990 1110 1067 fieri
1136 993 1175 1066 in
1204 988 1392 1068 domibus
1411 990 1558 1068 nostris
1576 989 1828 1081 curiositates,

167 1119 205 1186 et
238 1108 532 1208 superfluitates
567 1106 762 1185 notabiles
792 1107 831 1181 in
863 1105 1089 1205 sculpturis,
1121 1106 1300 1205 picturis,
1328 1106 1573 1206 pavimentis
1602 1119 1644 1183 et
1669 1105 1757 1182 aliis
1787 1107 1830 1183 si·

168 1224 344 1312 mitione,
365 1245 467 1323 qnae
495 1231 768 1323 paupertatem
797 1232 969 1299 nostram
999 1221 1234 1299 deformant.
1273 1222 1316 1299 ln
1346 1221 1532 1299 Ecclesiis
1559 1231 1725 1299 tamen:
1755 1245 1832 1323 per-

167 1339 268 1417 mitti
303 1349 503 1439 pulerunt.
524 1336 564 1415 Si
592 1338 682 1439 quis
709 1358 801 1414 vero
832 1336 1134 1415 contrafecerit:
1156 1358 1305 1437 poenae
1331 1337 1499 1437 graviori
1520 1335 1664 1438 culpae
1690 1336 1833 1415 debitae

165 1453 396 1553 subjacebit.
434 1455 533 1531 ltem
565 1453 835 1554 possessiones
870 1476 938 1530 sen
973 1451 1149 1530 redditus
1185 1451 1295 1531 nullo
1324 1452 1441 1531 modo
1465 1454 1735 1552 recipiantur:
1770 1476 1833 1530 uec

168 1568 379 1664 Ecclesiae,
411 1569 556 1669 quibus
589 1569 814 1646 animarum
846 1591 939 1646 cura
971 1569 1023 1644 sit
1055 1589 1220 1646 annexa.
1240 1568 1337 1646 ltem
1367 1566 1500 1646 nullus
1523 1569 1671 1648 audeat
1697 1571 1830 1648 instare

164 1691 224 1770 vel
253 1713 417 1792 rogare.
445 1713 517 1790 pro
546 1690 747 1768 beneficiis
772 1691 1075 1790 consanguineis
1103 1691 1185 1768 suis
1212 1690 1453 1770 obtinendis.

217 1808 261 1885 lu
281 1808 421 1885 virtute
439 1815 595 1883 sanctae
615 1805 880 1898 obedieutiae,
902 1819 939 1883 et
959 1806 1032 1884 sub
1059 1807 1481 1885 excommunicationis
1510 1829 1640 1908 poena
1664 1808 1829 1887 districte

166 1922 451 2023 probibemus;
483 1944 531 1998 ue
555 1921 700 2021 aliquis
727 1922 907 1999 Fratrum
935 1933 1163 1999 nostrorum
1191 1922 1358 2018 taboret,
1382 1922 1442 2000 vel
1469 1934 1660 2023 procuret
1678 1926 1727 2003 de
1743 1937 1829 2004 cete

165 2027 236 2116 ro‘:
268 2046 310 2114 ut
336 2061 429 2115 cura
456 2037 512 2114 vet
539 2035 718 2113 custodia
745 2036 990 2126 Monialium‚
1020 2060 1087 2114 seu
1114 2037 1382 2139 quarumlibet
1408 2037 1575 2116 aliarum
1608 2040 1826 2136 muliemm,

167 2153 369 2232 Fratribus
404 2152 547 2230 nostris
574 2151 858 2246 committatur,
889 2152 964 2229 nisi
992 2153 1041 2230 de
1075 2153 1233 2232 licentia
1261 2153 1434 2256 Magistri
1465 2153 1633 2233 Ordinis
1663 2157 1825 2258 speciali.

166 2268 427 2347 Probibemus
454 2267 659 2362 districte,
696 2289 744 2343 ne
771 2266 914 2367 aliquis
938 2289 1072 2346 curam
1107 2269 1270 2370 recipiat
1297 2270 1588 2370 praedictarum
1612 2301 1623 2361 ;
1663 2274 1737 2350 nisi
1766 2295 1827 2375 per

164 2385 240 2463 tria
276 2383 457 2484 Capitula
493 2383 697 2461 Generalia
729 2383 914 2461 continua
953 2384 1071 2461 fuerit
1106 2383 1368 2484 approbatum
1400 2413 1407 2460 :
1445 2384 1505 2463 vel
1543 2386 1621 2464 uisi
1651 2411 1742 2468 cura
1768 2412 1827 2489 per

166 2502 379 2580 Dominum
408 2501 557 2600 Papam
586 2500 730 2579 Ordiui
755 2501 1036 2595 committatur,
1074 2501 1133 2579 vel
1175 2524 1245 2601 per
1276 2501 1412 2598 alium,
1444 2505 1512 2604 qui
1549 2507 1678 2605 possit
1714 2507 1825 2585 tacere

164 2617 484 2697 commissionem
529 2616 786 2717 praedictam.
815 2618 856 2696 Si
886 2617 975 2716 quis
1002 2639 1093 2694 vero
1126 2618 1324 2695 contraire
1363 2622 1705 2721 praesumpserit:
1747 2646 1824 2723 poe

167 2756 240 2810 uae
284 2731 453 2834 graviori
496 2734 635 2833 cnlpae
678 2731 834 2820 debitae
875 2732 1104 2830 subJacebit.
1154 2732 1337 2810 Mulieres
1374 2733 1610 2831 Claustrum,
1645 2738 1706 2816 vel
1740 2738 1822 2817 Ora·

163 2848 326 2937 terium,
346 2847 405 2924 vet
431 2847 526 2924 alias
554 2845 734 2924 Officiuas
763 2855 915 2924 nostras
945 2868 1145 2946 nunquam
1174 2847 1447 2942 ingrediantur
1461 2879 1472 2942 ;
1497 2851 1573 2928 uisi
1593 2853 1635 2929 iu
1657 2853 1721 2931 die
1738 2854 1821 2932 Cou-

162 2963 392 3041 secrationis
420 2961 642 3040 Ecclesiae:
674 2975 713 3040 et
738 2973 829 3040 tuuc
856 2963 970 3039 liceat
996 2963 1053 3040 eis
1082 2962 1235 3063 ingredi
1265 2963 1436 3043 cuorum
1465 2977 1503 3044 et
1524 2966 1762 3048 Claustrnm.
1781 2970 1816 3046 ln

163 3081 373 3158 Parasceve
401 3102 491 3157 vero
524 3088 673 3156 tantum
702 3078 876 3156 Chorum
906 3088 1089 3178 poterunt
1118 3079 1295 3156 intrare:
1324 3081 1526 3181 usquead
1555 3083 1752 3164 Officium.

212 3194 414 3275 Statuatur
441 3217 596 3295 semper
622 3194 766 3294 aliquis
794 3194 929 3272 Frater
953 3193 1128 3272 Clericus
1157 3195 1215 3271 vel
1247 3194 1482 3295 Conversus,
1515 3198 1724 3295 discretus,
1753 3226 1816 3279 ma·

159 3323 284 3409 turus,
306 3324 344 3390 et
371 3333 545 3406 securus,
568 3311 636 3411 qui
660 3313 711 3388 sit
731 3310 956 3388 Portarius:
979 3321 1017 3388 et
1038 3310 1259 3411 diligenter,
1280 3335 1383 3413 quae
1400 3314 1449 3392 ad
1468 3314 1645 3397 officium
1667 3318 1812 3399 Portarii

155 3428 374 3529 pertinent,
412 3436 664 3527 exsequatur.
703 3425 854 3503 Poterit
894 3436 1025 3504 autem
1062 3425 1235 3527 aliquem
1275 3428 1451 3507 Fratrem
1488 3431 1548 3509 vel
1593 3435 1811 3514 saecularem

163 3544 353 3621 honestae
371 3540 681 3621 conversationis
703 3540 844 3618 habere
862 3542 901 3617 in
923 3541 1161 3639 adjutorium
1183 3571 1190 3617 :
1212 3565 1302 3621 cum
1324 3547 1536 3625 necessitas
1553 3549 1629 3629 boc
1645 3553 1809 3652 requiret.

163 3658 355 3737 Volumus
382 3668 528 3752 autem,
549 3656 657 3757 quod
686 3655 752 3734 lint
779 3679 868 3733 cum
900 3671 1055 3735 maturo
1082 3659 1250 3737 consitio
1278 3661 1498 3759 peritorum
1526 3665 1568 3741 iu
1595 3679 1679 3745 arte
1701 3666 1810 3766 (consi
1848 3730 1851 3741 .

161 3775 298 3851 dorato
334 3774 422 3852 loco
455 3772 534 3869 ittet
566 3773 604 3848 iu
641 3771 762 3874 tigno,
796 3773 854 3850 vel
900 3773 939 3848 in
984 3773 1061 3850 alia
1104 3775 1278 3871 materia,
1318 3775 1486 3857 formula
1527 3782 1650 3861 totius
1690 3783 1807 3862 domus

161 3889 476 3979 construendae;
508 3911 624 3989 quam
654 3909 731 3965 noo
761 3889 875 3966 liceat
898 3889 1117 3988 transgredi
1144 3913 1217 3990 pro
1244 3892 1445 3972 voluntate
1472 3897 1579 3975 varia
1604 3898 1806 3977 Praesiden-

161 4006 290 4083 tium:
320 4004 389 4082 sed
411 4006 521 4103 Juxta
548 4002 656 4080 illam
684 4003 925 4081 aedificetur.
957 4004 1001 4080 ln
1033 4004 1220 4084 domibus
1249 4016 1379 4086 autem
1407 4013 1646 4093 constructis
1672 4013 1805 4092 manda·

162 4141 249 4197 mus
272 4114 420 4197 nuttam
450 4118 535 4195 fieri
565 4119 898 4197 constructionem
931 4128 997 4196 aut
1025 4118 1339 4200 aedificationem
1370 4126 1582 4205 notabilem
1615 4131 1655 4206 in
1686 4129 1805 4207 fabrica

159 4259 181 4313 a
210 4235 346 4313 Priore
373 4236 431 4312 vet
461 4234 747 4313 Procuratore:
779 4235 854 4312 nisi
883 4233 933 4311 de
960 4232 1120 4313 licentia
1149 4236 1298 4315 Prioris
1319 4239 1589 4343 Provincialis,
1608 4257 1647 4323 et
1665 4242 1810 4327 consilio,

160 4369 276 4461 atque
306 4383 468 4439 assensu
498 4360 675 4437 Petrum.
712 4356 953 4456 Oppositum
985 4364 1116 4434 autem
1150 4356 1277 4437 lacere
1309 4383 1580 4462 praesumens,
1602 4369 1643 4444 in
1663 4385 1802 4469 poenam

160 4476 413 4554 absolvatur:
446 4477 501 4552 sic
531 4475 638 4575 quod
671 4495 741 4573 per
767 4472 981 4550 triennium
1014 4493 1084 4548 nec
1111 4472 1182 4567 ibi,
1207 4496 1278 4552 nec
1305 4474 1401 4554 alibi
1430 4483 1589 4580 praesit.

326 4692 377 4767 llo
403 4691 582 4767 eloctione
609 4689 760 4766 Peioris
784 4687 1070 4783 Conventnolia
1095 4699 1130 4765 ct
1156 4690 1400 4771 institutione
1428 4693 1682 4798 emeno:

755 4803 967 4882 comiodum
995 4802 1231 4902 Capitulum.

224 5046 347 5102 eronus
375 5021 661 5104 Conventuales
685 5048 706 5102 a
731 5022 812 5102 suis
827 5018 1094 5102 Conventibus
1124 5025 1343 5104 secuudum
1376 5026 1546 5112 formam
1591 5037 1804 5120 Canonicam

154 5047 221 5219 P
250 5139 474 5240 eligantur:
506 5140 688 5219 videlicet
713 5163 735 5216 a
766 5139 906 5237 majori
930 5146 1039 5237 parte
1066 5138 1169 5216 ultra
1198 5142 1450 5222 medietatem
1475 5153 1660 5231 omnium
1686 5156 1826 5257 eliger,

152 5257 268 5347 tium,
297 5256 357 5334 vel
387 5280 456 5357 per
482 5255 733 5349 scrutinium,
759 5255 818 5331 vel
845 5276 916 5355 per
945 5256 1359 5354 compromissionem,
1391 5261 1451 5338 vel
1479 5287 1551 5364 per
1577 5290 1809 5352 communem

151 5372 452 5471 inspirationem
473 5402 479 5448 :
501 5372 590 5449 aliis
609 5370 892 5451 subtilitatibus
909 5369 1016 5447 luris
1035 5370 1227 5471 retegatis.
1246 5373 1362 5469 Quod
1381 5376 1567 5458 similiter
1579 5384 1621 5461 iu
1639 5388 1813 5470 electione

150 5486 325 5588 Magistri
354 5487 533 5585 Ordinis,
563 5497 601 5565 et
630 5487 812 5565 Priorum
845 5484 1152 5564 Prouincialium
1183 5488 1426 5571 observetur.
1461 5493 1561 5574 Cum
1600 5515 1733 5583 autem
1759 5527 1815 5610 per
