3990 6082
140 125 196 210 et
239 102 527 223 Ahihdnis‚
556 105 699 206 sicut
739 103 982 205 Luciano
1023 103 1341 240 Presbytero
1381 100 1640 202 divinitus
1668 134 1816 203 reve-

143 253 320 352 latum
343 268 438 365 est,
468 246 696 349 Honorii
727 248 987 386 principis
1014 250 1119 348 tem
1131 281 1278 384 pore.
1310 243 1527 344 Festum
1561 236 1816 377 Simplex.

142 393 652 529 Constantinopoli:
673 393 861 492 natalis
881 390 1053 491 saneti
1075 388 1328 492 Hermelli
1357 392 1623 529 martyris.
1650 386 1817 529 Apud

145 537 310 640 ludos
335 537 503 639 Persis
528 534 820 636 finitimos:
846 536 1022 672 passio
1049 535 1368 636 sanctorum
1395 533 1816 650 Monaehdrum,

143 702 199 785 et
226 682 457 783 aliorum
487 677 751 795 fidalirun,
781 713 919 814 quos
949 679 1206 781 Ahamrer
1234 713 1320 780 rex
1347 683 1679 817 persequens
1721 678 1820 778 Ec·

143 827 366 930 clesiam
416 824 531 944 Dei,
580 823 801 924 dive'rsis
845 823 1073 923 aillictos
1117 823 1414 960 suppliciis,
1464 820 1599 924 caedi
1637 821 1812 958 jussit.

143 971 372 1106 Neapoli
413 968 468 1068 iu
515 965 849 1104 Campania:
875 968 1045 1068 sancti
1089 969 1299 1103 Aspren
1336 964 1610 1104 Episcopi.
1655 966 1820 1087 Quia

142 1132 337 1215 sancto
364 1114 515 1214 Petro
538 1111 802 1247 Apostoli)
828 1111 898 1211 ah
924 1110 1244 1211 inlirmitate
1272 1111 1510 1226 curatus,
1542 1129 1593 1209 ct
1621 1108 1822 1212 deiude

142 1257 496 1394 baptizatus:
525 1254 767 1390 ejusdem
795 1254 1027 1356 civitatis
1055 1253 1360 1390 Episcopus
1386 1253 1672 1355 ordinatus
1700 1254 1819 1356 luit.
1957 1361 1962 1372 ¹

143 1403 414 1529 Anagniae
438 1433 448 1500 ;
472 1401 643 1501 sancti
673 1399 811 1500 Petri
834 1399 1104 1534 Episcopi.
1131 1398 1237 1518 Qui
1264 1397 1563 1498 lllonastica
1580 1400 1819 1536 primum

144 1545 511 1661 observantia,
542 1542 741 1644 deinde
769 1544 1021 1678 pastorali
1052 1543 1326 1676 vigilantia
1368 1545 1582 1643 clarus:
1614 1542 1825 1679 quievit

144 1691 204 1790 in
263 1689 513 1789 lldmino.
574 1686 829 1824 Philippis
876 1687 929 1784 in
983 1684 1340 1787 l‘laceddnia:
1388 1707 1589 1788 sancta·
1638 1685 1824 1826 Lydiae

148 1833 512 1970 purpurariae,
538 1865 663 1963 quae
685 1826 1020 1966 praedicante
1044 1830 1248 1932 ibidem
1274 1850 1461 1932 sancto
1489 1832 1649 1932 l’aulo
1672 1830 1822 1969 Apti-

145 1975 741 2114 stoloprimadrunium
760 1974 991 2075 credidit
1016 1972 1544 2103 Evangeliolleroeae
1565 1977 1617 2075 in
1642 1973 1820 2115 Syria:

146 2125 464 2222 sanctarum
493 2120 785 2220 mulierum
813 2116 1050 2218 lllarauae
1077 2137 1130 2219 et
1152 2117 1323 2256 Cyrae.
1360 2112 1433 2256 ᾧ

546 2321 722 2428 Pridie
749 2325 932 2427 Nonas
960 2327 1193 2462 Augusti
1224 2358 1234 2428 :
1267 2328 1422 2428 Luna
1785 2327 1917 2429 qu

144 2517 1821 2652 ahcdel'ghiltlmnpqrstu

148 2678 196 2755 lll
240 2678 282 2752 ll
337 2676 382 2751 ll
413 2676 457 2751 t3
510 2675 556 2751 ll
602 2677 648 2751 15
691 2675 735 2751 lli
792 2677 836 2750 l'l
882 2675 927 2751 t8
971 2676 1016 2752 lt)
1058 2677 1106 2753 20
1143 2677 1187 2753 ll
1236 2677 1283 2753 ll
1339 2677 1388 2753 23
1429 2677 1477 2753 ll
1519 2677 1566 2754 Ἣ)
1608 2677 1655 2754 26
1692 2677 1738 2753 ll
1779 2678 1827 2755 28

144 2808 195 2905 A
299 2799 338 2899 B
434 2799 477 2901 C
589 2796 635 2895 D
752 2793 790 2893 E
896 2795 934 2896 F
1041 2795 1078 2893 l*
1178 2795 1228 2894 G
1329 2789 1526 2891 ΗΜ
1634 2787 1825 2889 Nl)

142 2950 1823 3031 29112345456789

147 3125 435 3349 Bonorum
459 3139 469 3205 :
498 3106 818 3206 sanctissimi
844 3106 1011 3208 Patris
1054 3109 1220 3207 nostri
1253 3108 1519 3208 [lominici
1562 3105 1897 3208 confesso-m
1922 3132 1953 3194 t·

273 3252 363 3372 ris,
393 3249 701 3351 fundatdris
722 3245 947 3349 Ordinis
978 3250 1226 3351 Fratrum
1259 3252 1703 3371 l‘ravlicatormu,
1728 3252 1826 3351 viri

146 3395 495 3497 illustrissimi
537 3395 818 3523 sauguinis
847 3395 1150 3515 nobilitate,
1178 3397 1465 3497 sanctitate
1493 3416 1544 3496 et
1579 3395 1823 3496 doctriua

149 3537 452 3643 clarissimi.
477 3535 583 3657 Qui
609 3539 970 3670 virginitatem
997 3546 1267 3678 perpetuo
1288 3541 1550 3640 illibatam
1572 3541 1824 3642 servavit:

151 3702 212 3787 et
232 3682 305 3781 oh
331 3682 655 3814 singularem
688 3683 1006 3784 meritorum
1038 3685 1260 3816 gratiam
1295 3702 1397 3785 tres
1428 3686 1671 3785 mortuus
1707 3719 1825 3786 sus·

151 3825 357 3930 citavit.
388 3823 644 3960 Cumque
684 3824 1076 3962 praet·licatidne
1102 3861 1197 3926 sua
1226 3830 1454 3929 haereses
1478 3832 1826 3965 compressis-

152 3986 257 4083 set,
279 4000 342 4070 ac
361 3970 624 4106 plurimos
664 3967 732 4069 ad
775 3970 1072 4095 religiosam
1118 3988 1170 4071 e‘t
1199 3975 1342 4108 piam
1372 3974 1541 4072 vitam
1568 3973 1829 4073 instituis·

152 4132 273 4217 set:
304 4115 495 4213 octavo
535 4111 660 4213 ldus
691 4115 890 4213 mensis
932 4115 1114 4248 hujus,
1139 4116 1637 4255 iuclytisoperihus
1663 4115 1825 4247 digna

159 4261 521 4394 perceptarus
565 4258 808 4394 praemia,
859 4259 912 4355 in
961 4261 1154 4360 caelum
1197 4261 1442 4361 evolavit.
1475 4259 1606 4393 Ejus
1646 4279 1824 4362 tamen

159 4401 421 4501 festivitas
448 4435 511 4504 ex
532 4399 940 4503 Constitutione
969 4402 1117 4503 Pauli
1160 4404 1317 4540 Papae
1345 4401 1572 4525 Quarti:
1601 4405 1702 4506 hac
1741 4403 1829 4505 die

157 4543 484 4648 celebratur.
506 4556 725 4660 Festum
751 4573 926 4657 totum
955 4557 1182 4695 Duplex,
1200 4548 1624 4658 Thessaldnicaet
1640 4548 1829 4649 natalis

158 4687 308 4791 beati
357 4686 668 4807 Aristarchi,
703 4688 951 4826 discipuli
1001 4709 1053 4791 et
1093 4693 1306 4793 contritis
1345 4691 1615 4792 individui
1657 4692 1828 4795 sancti

165 4831 314 4934 Pauli
340 4830 583 4968 Aptistoli
608 4867 621 4953 ;
645 4834 712 4934 de
739 4867 853 4966 quo
875 4835 988 4972 ipse
1008 4835 1074 4933 ad
1117 4835 1452 4938 Colosstinses
1477 4837 1667 4938 scrihit
1692 4871 1702 4939 :
1732 4836 1829 4937 Sa·

160 4980 302 5088 lutat
340 5008 433 5076 vos
480 4979 825 5083 Aristarchus
863 4984 1218 5119 concaptivus
1259 5014 1427 5082 meus.
1469 4978 1512 5080 ls
1537 4980 1607 5081 ab
1634 4979 1825 5085 eddem
