3990 6082
699 348 1107 455 DECEllllllill.
1635 346 1734 451 277

124 562 336 684 aristus,
359 562 456 699 qui
479 562 592 666 suis
613 594 733 665 eam
754 560 924 663 animi
952 557 1316 663 constantiam
1343 555 1570 660 dederat
1594 586 1605 658 :
1629 558 1739 694 glo-

124 710 355 813 ssissime
379 707 760 845 triumphavit.
779 708 833 808 lu
857 703 1412 809 Arabia:sanctorum
1430 704 1738 842 martyrum

124 854 304 990 ugenii
332 870 386 957 et
411 850 633 957 Macarii
660 851 1126 988 presbyterorum.
1151 848 1262 974 Qui
1289 884 1320 950 a
1344 848 1563 951 Juliauo
1591 847 1739 988 Apri·

124 1017 229 1117 ata,
281 1032 411 1102 cum
460 1000 631 1137 ipsius
680 997 1017 1136 impietatem
1071 998 1389 1133 arguissent,
1435 993 1736 1098 saevissimis

125 1144 238 1280 agis
276 1140 477 1273 affecti,
505 1161 674 1278 atque
705 1142 760 1241 in
792 1142 1143 1246 vastissimam
1185 1142 1432 1244 ere'mum
1473 1139 1732 1274 relegati:
1878 1208 1883 1213 ·

124 1288 244 1392 adio
270 1287 393 1392 caesi
423 1307 572 1417 sunt.
599 1286 913 1396 Antiochiae
943 1319 952 1387 :
983 1287 1176 1388 natalis
1214 1285 1387 1390 sancti
1428 1282 1734 1420 Philogonii

124 1433 341 1572 piscopi.
366 1429 473 1554 Qui
498 1466 561 1537 ex
584 1428 860 1535 causidico
887 1430 953 1532 ad
978 1467 1097 1535 eam
1119 1428 1417 1537 Eccle'siam
1440 1429 1734 1565 regendam

124 1579 166 1682 ei
194 1596 340 1679 nutu
366 1581 659 1682 accersitus
688 1609 700 1696 ς
729 1574 987 1680 adversus
1015 1574 1210 1679 Arium
1238 1609 1504 1678 unacum
1543 1591 1733 1676 sancto

124 1719 374 1826 lexandro
395 1720 668 1859 Episcopo
689 1740 739 1824 et
761 1721 918 1826 sociis
939 1724 1182 1859 primum
1205 1752 1305 1860 pro
1325 1718 1729 1824 fideCatholica

128 1870 341 1968 rtamen
374 1866 535 1969 iniit:
566 1866 853 2002 clarusque
892 1867 1099 1970 meritis
1136 1866 1347 2003 quievit
1384 1865 1441 1965 in
1473 1863 1725 1967 Domino.

125 2011 236 2147 rjus
261 2014 503 2113 animam
528 2011 874 2115 festivitatem
897 2029 1119 2114 sauctus
1139 2009 1377 2114 loannes
1399 2009 1727 2150 Chrysosto-

124 2191 187 2261 us
210 2157 474 2295 praeclaro
496 2156 750 2261 encomio
777 2155 1092 2262 celebravit.
1120 2148 1193 2294 >1⁴
1811 2164 1814 2171 '

335 2333 680 2444 Duodecimo
707 2333 978 2439 Kalendas
997 2332 1278 2435 ianuarii:
1309 2333 1465 2436 Luna
1684 2334 1750 2439 E·

148 2518 1724 2656 bcrlefghiktnrupqrstu

152 2666 1731 2750 34567891011171314151617181970

206 2789 1727 2903 BCDEFFGHMNP

207 2945 256 3023 Ἡ
367 2944 416 3023 23
514 2945 563 3023 al
663 2947 835 3027 7576
935 2950 983 3028 25
1081 2949 1130 3027 26
1230 2948 1277 3025 at
1378 2947 1426 3025 28
1525 2948 1711 3028 991

124 3112 362 3187 tantumn
385 3117 397 3189 :
422 3084 613 3189 natalis
633 3086 780 3190 beati
811 3086 1043 3191 Thomae
1066 3087 1332 3227 Apostoli.
1356 3085 1465 3211 Qui
1495 3088 1725 3209 Parthis,
1738 3139 1799 3205 nu
1818 3143 1875 3207 n.

124 3262 145 3337 t
171 3227 363 3351 Medis,
388 3230 575 3352 Persis,
599 3250 653 3333 et
674 3228 945 3370 Hyrcanis
972 3232 1333 3370 Evangelium
1372 3233 1691 3371 praedicavit
1713 3268 1724 3356 ;
1962 3232 1965 3237 ‘

164 3371 390 3477 demum
419 3377 471 3477 in
502 3374 713 3479 lndiam
753 3380 1093 3517 perveniens,
1124 3377 1252 3481 cum
1278 3411 1368 3482 eos
1396 3379 1632 3518 populos
1669 3384 1725 3484 in

124 3519 374 3621 aristiana
414 3520 673 3653 religione
716 3525 1039 3628 instituisset
1085 3557 1095 3627 :
1143 3527 1281 3660 regis
1313 3524 1488 3659 jussu,
1528 3527 1727 3631 lanceis

124 3659 354 3768 ausfixus
396 3668 677 3770 occubuit.
707 3666 881 3805 Cujus
919 3670 1164 3805 reliquiae
1203 3670 1382 3807 primo
1420 3667 1490 3772 ad
1529 3672 1724 3776 urbem

124 3807 324 3913 le'ssam
349 3842 359 3913 :
389 3809 589 3915 deinde
615 3808 923 3918 Orthonam
953 3817 1008 3917 in
1040 3812 1239 3953 Apulia
1265 3815 1539 3919 translatae
1575 3839 1725 3922 sunt.

124 3978 279 4062 &stum
304 3979 478 4066 totum
504 3964 726 4102 Duplex..
751 3970 811 4069 ln
834 3959 1060 4065 Tuscia:
1085 3959 1403 4063 sauctorum
1421 3964 1724 4102 martyrum

124 4095 287 4197 annis
307 4113 360 4201 et
381 4095 540 4204 Festi.
557 4109 614 4207 ln
637 4100 832 4242 Lycia:
857 4107 1028 4212 sancti
1052 4102 1432 4208 Themistoclis
1454 4109 1722 4250 ma'rtyris.

124 4241 174 4342 ui
211 4240 316 4344 sub
364 4240 526 4346 Decio
569 4246 898 4385 imperatore
942 4286 1043 4392 pro
1082 4269 1271 4353 sancto
1318 4249 1597 4376 Dioscoro,
1625 4258 1724 4392 qui

124 4385 415 4488 taerebatur
457 4388 524 4491 ad
578 4426 786 4514 necem,
828 4431 883 4501 se
928 4398 1199 4517 offerens;
1248 4398 1483 4530 equrileo
1528 4420 1721 4526 tortus,

124 4533 325 4670 pullus,
349 4565 412 4635 ac
437 4534 673 4641 tristibus
699 4574 869 4645 caesus
893 4575 903 4643 :
929 4543 1172 4681 martyrii
1202 4543 1462 4645 cortinam
1490 4544 1724 4685 adeptus

124 4694 157 4781 t.
182 4677 495 4785 Antiochiae
523 4712 533 4782 :
563 4686 737 4788 sancti
766 4686 1038 4794 Anastasii
1080 4685 1334 4827 Episcopi
1369 4708 1420 4791 et
1451 4691 1718 4833 martyris,

124 4821 158 4920 ri
190 4819 368 4925 Phoca
392 4825 713 4964 imperante,
743 4865 773 4931 a
799 4830 829 4933 J
836 4834 1006 4943 udaeis
1031 4835 1316 4937 saevissime
1354 4838 1583 4945 necatus
1622 4859 1718 4945 est.
