3990 6082
800 361 1155 471 OCTOBER.
1500 393 1505 403 ·
1708 375 1813 483 229

127 594 355 698 ctorum
376 595 681 736 martyrum
714 595 989 698 Ptolomaei
1019 611 1073 697 et
1098 591 1271 712 Lucii,
1293 591 1399 694 sub
1420 591 1605 695 Marco
1634 592 1811 694 Anto-

128 742 286 843 nino.
311 739 560 863 Quorum
605 742 769 878 prior,
812 758 875 841 ut
912 738 1102 841 scribit
1138 734 1387 839 lustinus
1426 753 1650 875 martyr,
1680 770 1806 840 cunr

129 884 472 1023 impudicam
516 886 797 988 mulierem
827 882 893 986 ad
924 880 1090 984 fidem
1119 879 1320 983 Christi
1358 883 1726 1002 convertisset,
1751 899 1810 986 ‘et

135 1031 443 1135 castitatem
470 1031 647 1139 colere
674 1029 979 1131 docuisset:
1010 1029 1080 1128 ab
1106 1028 1327 1165 impuro
1346 1028 1463 1126 viro
1489 1024 1637 1164 apud
1663 1026 1804 1130 Prae-

135 1172 343 1278 lectum
369 1171 658 1281 Urbicium
700 1175 988 1277 accusatus
1013 1202 1024 1289 ;
1052 1169 1228 1273 multo
1269 1175 1513 1308 tempore
1554 1171 1808 1306 squalore

135 1320 365 1423 carceris
406 1321 709 1423 maceratus
746 1335 859 1422 est:
889 1314 1038 1421 etad
1068 1316 1321 1417 rlltirnum
1352 1349 1479 1416 cum
1508 1314 1577 1418 de
1603 1312 1808 1421 Christi
1835 1334 1840 1343 “

134 1465 444 1601 magisterio
459 1464 680 1602 publica
702 1462 1041 1567 conlessione
1056 1465 1362 1581 testaretur,
1372 1457 1557 1594 jussus
1576 1478 1655 1562 est
1677 1459 1806 1562 duci

129 1606 201 1710 ad
221 1625 473 1712 mortem.
508 1608 706 1712 Lucius
725 1641 955 1745 quoque
976 1640 1104 1709 cum
1126 1601 1333 1709 Urbicii
1360 1604 1684 1709 sententiam
1709 1604 1806 1706 im·

124 1753 410 1892 probaret,
433 1773 488 1857 et
517 1786 573 1856 se
604 1751 983 1856 Christianum
1023 1750 1189 1852 libere
1233 1749 1536 1853 fateretur:
1573 1748 1801 1852 similem

124 1898 455 2002 sententiam
497 1899 725 2036 excepit.
756 1897 976 2020 Quibus
1015 1913 1069 1998 et
1106 1893 1241 2000 alius
1278 1896 1471 1998 te'rtius
1508 1891 1803 2028 adjunctus
1927 1938 1930 1944 ¹

124 2059 208 2146 est
237 2043 373 2179 :qui
412 2042 577 2147 etiam
615 2040 808 2145 eodem
835 2041 1105 2179 supplicio
1131 2038 1423 2142 damnatus
1463 2039 1584 2140 suit.
1612 2037 1804 2141 Antio

124 2187 270 2290 chiae
300 2217 310 2287 :
340 2189 658 2289 sanctorum
681 2187 986 2326 martyrum
1013 2184 1281 2302 beronici,
1312 2183 1535 2318 Pelagiae
1561 2183 1800 2318 virginis

124 2348 183 2434 et
203 2330 437 2433 aliorum
464 2332 830 2468 quadraginta
859 2364 1072 2434 novem.
1096 2323 1152 2430 ln
1176 2327 1410 2466 AEgypto
1434 2359 1442 2428 :
1472 2330 1645 2431 sancti
1666 2323 1800 2430 Vari

124 2475 332 2589 militis.
362 2475 473 2599 Qui
511 2477 616 2578 sub
650 2476 980 2577 lllaximiano
1017 2475 1366 2613 imperatore,
1409 2470 1545 2573 dnm
1585 2490 1802 2575 sanctos
1943 2526 1945 2531 ·

124 2624 335 2758 septem
368 2620 670 2723 Monachos
707 2623 765 2723 in
805 2623 1019 2724 carcere
1059 2619 1311 2722 detentos
1348 2617 1604 2734 visitaret,
1634 2635 1802 2753 atque

124 2760 373 2869 reficeret
393 2799 403 2869 :
423 2799 538 2868 uno
559 2800 622 2867 ex
644 2767 772 2902 ipsis
792 2762 1073 2883 defuncto,
1096 2764 1150 2864 in
1176 2764 1291 2900 ejus
1310 2762 1492 2867 locum
1517 2762 1798 2898 subrogari

124 2908 301 3010 voluit
323 2941 336 3031 ;
365 2926 566 3013 etcum
595 2910 697 3012 illis
722 2911 1009 3014 saevissima
1035 2941 1255 3048 passus:
1286 2908 1533 3047 martyrii
1561 2908 1796 3044 palmam

124 3050 361 3191 adeptus
383 3072 476 3156 est.
499 3048 556 3154 lu
589 3052 887 3158 Hibernia:
916 3055 1091 3156 sancti
1119 3052 1350 3155 Ethbini
1378 3052 1625 3154 Abbatis.
1656 3049 1800 3157 Oxo-

124 3197 202 3298 nii
229 3198 284 3299 in
315 3197 544 3334 Anglia:
574 3217 776 3303 sanctae
797 3198 837 3300 F
842 3196 1195 3327 redeswindae
1217 3196 1450 3335 virginis.

159 3523 166 3540 .
321 3437 729 3554 Tertiode'oimo
755 3443 1028 3549 Kalendas
1053 3444 1375 3548 Novembris
1404 3476 1415 3547 :
1446 3443 1602 3546 Luna
1757 3440 1851 3551 Fur

125 3682 1793 3828 abcdefghiklmupqrstu

124 3845 1409 3927 2899123456789t011ttt3
1474 3843 1796 3923 tltttltt't't
1942 3919 1946 3925 .

124 3957 1796 4113 lucourroullur

124 4120 168 4202 l8
273 4125 318 4204 19
420 4125 469 4202 ll)
569 4127 611 4204 ll
685 4127 765 4236 'll
857 4127 907 4204 23
1004 4126 1054 4203 22
1153 4125 1203 4204 23
1299 4125 1645 4205 almeo
1745 4120 1794 4204 tt

124 4283 332 4509 Rome
359 4276 444 4382 via
468 4280 764 4385 Ardeatina
795 4280 1099 4422 :depositio
1118 4278 1142 4333 '⁶
1162 4283 1335 4386 sancti
1366 4278 1529 4386 Marci
1559 4283 1714 4423 Papae
1740 4300 1864 4386 etm
1886 4319 1942 4383 ro.

252 4425 588 4531 confessoris.
611 4423 741 4526 Tres
761 4422 1227 4533 Lectionesltem:
1251 4426 1569 4530 sanctorum
1593 4429 1795 4567 marty·
1837 4471 1950 4540 ruo

124 4603 246 4671 rum
273 4566 460 4706 Sergii,
485 4569 706 4691 Bacchi,
735 4568 993 4695 Marcelli,
1022 4591 1076 4676 et
1101 4568 1387 4711 Apuleii*
1423 4568 1699 4681 Memoria.
1730 4555 1936 4714 lnllgsslgr·

124 4711 342 4818 Arie'osi
365 4715 584 4818 civitate
599 4748 771 4853 prope
793 4713 1052 4851 Aquilam
1071 4719 1128 4819 iu
1151 4714 1390 4820 Vestinis
1406 4716 1625 4834 :natalis
1644 4717 1947 4827 besti-naum

124 4854 344 4960 Maximi
367 4859 565 4962 Levitae
591 4877 645 4963 et
671 4865 940 5000 martyris.
971 4859 1081 4984 Qui
1121 4860 1367 4999 patiendi
1407 4859 1678 4966 deside'rio
1704 4842 1946 5000 in·}¹„⁸;l⁸ll2.

124 5002 471 5135 quirentibus
503 5039 558 5106 se
589 5005 1031 5142 persecutoribus
1071 5008 1251 5145 palam
1289 5004 1530 5111 ostendit
1553 5039 1564 5129 ;
1587 5025 1641 5111 et
1669 5015 1922 5170 post¹¹⁵⁸b⁰r

124 5147 486 5283 responsionis
515 5149 876 5251 constantiam
907 5153 1142 5286 equuleo
1161 5158 1473 5291 suspensus,
1497 5188 1560 5254 ao
1584 5170 1758 5257 tortus
1775 5111 1851 5259 :⁰¹⁰
1876 5125 1932 5172 Μ’

124 5288 317 5396 leinde
344 5293 579 5395 fustibus
606 5328 793 5413 caesus,
821 5294 888 5397 ad
921 5297 1176 5400 ultimum
1201 5333 1229 5402 e
1253 5297 1472 5401 sublimi
1496 5297 1620 5402 loco
1646 5332 1787 5439 prae-

124 5435 376 5575 Jipitatus
414 5437 695 5543 occubuit.
732 5441 953 5576 Agenni
992 5443 1046 5543 in
1088 5440 1303 5546 Gallia:
1333 5444 1506 5548 sancti
1546 5444 1787 5584 Caprasii
