<?xml version="1.0" encoding="UTF-8"?>
<!DOCTYPE html PUBLIC "-//W3C//DTD XHTML 1.0 Transitional//EN"
    "http://www.w3.org/TR/xhtml1/DTD/xhtml1-transitional.dtd">
<html xmlns="http://www.w3.org/1999/xhtml" xml:lang="en" lang="en">
 <head>
  <title>
</title>
<meta http-equiv="Content-Type" content="text/html;charset=utf-8" />
  <meta name='ocr-system' content='tesseract 3.04.00' />
  <meta name='ocr-capabilities' content='ocr_page ocr_carea ocr_par ocr_line ocrx_word'/>
</head>
<body>
  <div class='ocr_page' id='page_1' title='image "./martyrologiumsa00domigoog_0306.png"; bbox 0 0 3990 6082; ppageno 0'>
   <div class='ocr_carea' id='block_1_1' title="bbox 745 336 1743 445">
    <p class='ocr_par' dir='ltr' id='par_1_1' title="bbox 745 336 1743 445">
     <span class='ocr_line' id='line_1_1' title="bbox 745 336 1743 445; baseline 0.013 -15"><span class='ocrx_word' id='word_1_1' title='bbox 745 364 804 431; x_wconf 81' lang='lat' dir='ltr'>na</span> <span class='ocrx_word' id='word_1_2' title='bbox 829 363 1052 432; x_wconf 77' lang='lat' dir='ltr'>rctrrcau.</span> <span class='ocrx_word' id='word_1_3' title='bbox 1636 336 1743 445; x_wconf 79' lang='grc'>297</span> 
     </span>
    </p>
   </div>
   <div class='ocr_carea' id='block_1_2' title="bbox 51 506 1741 5131">
    <p class='ocr_par' dir='ltr' id='par_1_2' title="bbox 51 506 1741 5131">
     <span class='ocr_line' id='line_1_2' title="bbox 443 506 1365 616; baseline -0.008 0"><span class='ocrx_word' id='word_1_4' title='bbox 443 508 732 616; x_wconf 86' lang='lat' dir='ltr'>Dominica</span> <span class='ocrx_word' id='word_1_5' title='bbox 754 508 808 608; x_wconf 88' lang='lat' dir='ltr'>in</span> <span class='ocrx_word' id='word_1_6' title='bbox 832 507 1017 610; x_wconf 78' lang='lat' dir='ltr'>llamis</span> <span class='ocrx_word' id='word_1_7' title='bbox 1045 506 1365 609; x_wconf 71' lang='lat' dir='ltr'>l&#39;alrnarum.</span> 
     </span>
     <span class='ocr_line' id='line_1_3' title="bbox 556 650 1244 757; baseline -0.006 0"><span class='ocrx_word' id='word_1_8' title='bbox 556 651 875 757; x_wconf 83' lang='lat' dir='ltr'>Secundum</span> <span class='ocrx_word' id='word_1_9' title='bbox 901 650 1244 756; x_wconf 86' lang='lat' dir='ltr'>Matthaeum.</span> 
     </span>
     <span class='ocr_line' id='line_1_4' title="bbox 55 794 1735 1039; baseline 0 -134"><span class='ocrx_word' id='word_1_10' title='bbox 55 819 149 1039; x_wconf 70' lang='lat' dir='ltr'>lu</span> <span class='ocrx_word' id='word_1_11' title='bbox 177 802 271 903; x_wconf 91' lang='lat' dir='ltr'>illo</span> <span class='ocrx_word' id='word_1_12' title='bbox 291 807 558 938; x_wconf 75' lang='lat' dir='ltr'>tempore.</span> <span class='ocrx_word' id='word_1_13' title='bbox 588 794 733 899; x_wconf 91' lang='lat' dir='ltr'>Cum</span> <span class='ocrx_word' id='word_1_14' title='bbox 759 797 1261 935; x_wconf 84' lang='lat' dir='ltr'>appropinquasset</span> <span class='ocrx_word' id='word_1_15' title='bbox 1285 795 1440 901; x_wconf 86' lang='lat' dir='ltr'>lesus</span> <span class='ocrx_word' id='word_1_16' title='bbox 1459 798 1735 943; x_wconf 76' lang='lat' dir='ltr'>lerosdly-</span> 
     </span>
     <span class='ocr_line' id='line_1_5' title="bbox 145 940 1734 1081; baseline 0.001 -32"><span class='ocrx_word' id='word_1_17' title='bbox 145 948 269 1064; x_wconf 90' lang='lat' dir='ltr'>mis,</span> <span class='ocrx_word' id='word_1_18' title='bbox 298 962 352 1048; x_wconf 90' lang='lat' dir='ltr'>et</span> <span class='ocrx_word' id='word_1_19' title='bbox 373 945 605 1048; x_wconf 89' lang='lat' dir='ltr'>venisset</span> <span class='ocrx_word' id='word_1_20' title='bbox 631 940 958 1081; x_wconf 75' lang='lat' dir='ltr'>Bethphage</span> <span class='ocrx_word' id='word_1_21' title='bbox 979 941 1046 1043; x_wconf 91' lang='lat' dir='ltr'>ad</span> <span class='ocrx_word' id='word_1_22' title='bbox 1070 941 1321 1046; x_wconf 88' lang='lat' dir='ltr'>Montem</span> <span class='ocrx_word' id='word_1_23' title='bbox 1346 941 1567 1049; x_wconf 78' lang='lat' dir='ltr'>oliveti:</span> <span class='ocrx_word' id='word_1_24' title='bbox 1596 962 1734 1051; x_wconf 93' lang='lat' dir='ltr'>tunc</span> 
     </span>
     <span class='ocr_line' id='line_1_6' title="bbox 55 1084 1732 1226; baseline 0.001 -34"><span class='ocrx_word' id='word_1_25' title='bbox 55 1091 211 1194; x_wconf 84' lang='lat' dir='ltr'>misit</span> <span class='ocrx_word' id='word_1_26' title='bbox 239 1087 382 1191; x_wconf 88' lang='lat' dir='ltr'>duos</span> <span class='ocrx_word' id='word_1_27' title='bbox 408 1088 709 1226; x_wconf 86' lang='lat' dir='ltr'>discipulos</span> <span class='ocrx_word' id='word_1_28' title='bbox 729 1120 875 1208; x_wconf 87' lang='lat' dir='ltr'>suos,</span> <span class='ocrx_word' id='word_1_29' title='bbox 901 1084 1092 1190; x_wconf 91' lang='lat' dir='ltr'>dicens</span> <span class='ocrx_word' id='word_1_30' title='bbox 1114 1088 1206 1190; x_wconf 81' lang='lat' dir='ltr'>eis,</span> <span class='ocrx_word' id='word_1_31' title='bbox 1247 1085 1322 1191; x_wconf 88' lang='lat' dir='ltr'>lte</span> <span class='ocrx_word' id='word_1_32' title='bbox 1344 1086 1402 1188; x_wconf 93' lang='lat' dir='ltr'>in</span> <span class='ocrx_word' id='word_1_33' title='bbox 1431 1090 1732 1208; x_wconf 75' lang='lat' dir='ltr'>castellum,</span> 
     </span>
     <span class='ocr_line' id='line_1_7' title="bbox 58 1230 1736 1373; baseline 0.002 -36"><span class='ocrx_word' id='word_1_34' title='bbox 58 1234 221 1372; x_wconf 87' lang='lat' dir='ltr'>quod</span> <span class='ocrx_word' id='word_1_35' title='bbox 249 1266 351 1336; x_wconf 92' lang='lat' dir='ltr'>con</span> <span class='ocrx_word' id='word_1_36' title='bbox 362 1252 442 1336; x_wconf 91' lang='lat' dir='ltr'>tra</span> <span class='ocrx_word' id='word_1_37' title='bbox 462 1265 557 1336; x_wconf 86' lang='lat' dir='ltr'>vos</span> <span class='ocrx_word' id='word_1_38' title='bbox 578 1249 657 1335; x_wconf 86' lang='lat' dir='ltr'>est</span> <span class='ocrx_word' id='word_1_39' title='bbox 679 1263 690 1332; x_wconf 92' lang='lat'><strong>:</strong></span> <span class='ocrx_word' id='word_1_40' title='bbox 716 1248 770 1335; x_wconf 90' lang='lat' dir='ltr'>et</span> <span class='ocrx_word' id='word_1_41' title='bbox 797 1231 982 1335; x_wconf 87' lang='lat' dir='ltr'>statim</span> <span class='ocrx_word' id='word_1_42' title='bbox 1008 1230 1300 1335; x_wconf 77' lang='lat' dir='ltr'>invenietis</span> <span class='ocrx_word' id='word_1_43' title='bbox 1326 1232 1533 1336; x_wconf 82' lang='lat' dir='ltr'>asinam</span> <span class='ocrx_word' id='word_1_44' title='bbox 1556 1234 1736 1373; x_wconf 76' lang='lat' dir='ltr'>alliga·</span> 
     </span>
     <span class='ocr_line' id='line_1_8' title="bbox 61 1373 1732 1519; baseline 0.001 -37"><span class='ocrx_word' id='word_1_45' title='bbox 61 1398 196 1500; x_wconf 90' lang='lat' dir='ltr'>tam,</span> <span class='ocrx_word' id='word_1_46' title='bbox 226 1397 280 1482; x_wconf 89' lang='lat' dir='ltr'>et</span> <span class='ocrx_word' id='word_1_47' title='bbox 307 1379 524 1519; x_wconf 90' lang='lat' dir='ltr'>pullum</span> <span class='ocrx_word' id='word_1_48' title='bbox 553 1409 682 1480; x_wconf 92' lang='lat' dir='ltr'>cum</span> <span class='ocrx_word' id='word_1_49' title='bbox 723 1409 801 1480; x_wconf 90' lang='lat' dir='ltr'>ea.</span> <span class='ocrx_word' id='word_1_50' title='bbox 832 1373 1033 1479; x_wconf 83' lang='lat' dir='ltr'>Sdlvite</span> <span class='ocrx_word' id='word_1_51' title='bbox 1063 1407 1072 1477; x_wconf 93' lang='lat'>:</span> <span class='ocrx_word' id='word_1_52' title='bbox 1102 1396 1154 1477; x_wconf 88' lang='lat' dir='ltr'>et</span> <span class='ocrx_word' id='word_1_53' title='bbox 1179 1375 1444 1483; x_wconf 84' lang='lat' dir='ltr'>adducite</span> <span class='ocrx_word' id='word_1_54' title='bbox 1463 1379 1619 1483; x_wconf 88' lang='lat' dir='ltr'>mihi.</span> <span class='ocrx_word' id='word_1_55' title='bbox 1643 1378 1732 1483; x_wconf 92' lang='lat' dir='ltr'>Tu</span> 
     </span>
     <span class='ocr_line' id='line_1_9' title="bbox 58 1542 269 1628; baseline 0.009 -2"><span class='ocrx_word' id='word_1_56' title='bbox 58 1542 269 1628; x_wconf 89' lang='lat' dir='ltr'>autem.</span> 
     </span>
     <span class='ocr_line' id='line_1_10' title="bbox 135 1657 1659 1773; baseline -0.006 -5"><span class='ocrx_word' id='word_1_57' title='bbox 135 1668 287 1771; x_wconf 87' lang='lat' dir='ltr'>Feria</span> <span class='ocrx_word' id='word_1_58' title='bbox 315 1663 386 1769; x_wconf 86' lang='lat' dir='ltr'>V.</span> <span class='ocrx_word' id='word_1_59' title='bbox 409 1666 467 1764; x_wconf 93' lang='lat' dir='ltr'>in</span> <span class='ocrx_word' id='word_1_60' title='bbox 488 1659 635 1763; x_wconf 88' lang='lat' dir='ltr'>Cena</span> <span class='ocrx_word' id='word_1_61' title='bbox 664 1657 901 1762; x_wconf 84' lang='lat' dir='ltr'><strong>Domini.</strong></span> <span class='ocrx_word' id='word_1_62' title='bbox 1031 1661 1350 1769; x_wconf 75' lang='lat' dir='ltr'>Secundum</span> <span class='ocrx_word' id='word_1_63' title='bbox 1371 1666 1659 1773; x_wconf 63' lang='lat' dir='ltr'>loannem,</span> 
     </span>
     <span class='ocr_line' id='line_1_11' title="bbox 67 1807 1734 2052; baseline 0.002 -138"><span class='ocrx_word' id='word_1_64' title='bbox 67 1831 259 2052; x_wconf 70' lang='lat' dir='ltr'>Aura</span> <span class='ocrx_word' id='word_1_65' title='bbox 279 1809 427 1916; x_wconf 89' lang='lat' dir='ltr'>diem</span> <span class='ocrx_word' id='word_1_66' title='bbox 447 1808 649 1914; x_wconf 89' lang='lat' dir='ltr'>festum</span> <span class='ocrx_word' id='word_1_67' title='bbox 673 1807 910 1924; x_wconf 76' lang='lat' dir='ltr'>Paschae,</span> <span class='ocrx_word' id='word_1_68' title='bbox 934 1809 1110 1912; x_wconf 90' lang='lat' dir='ltr'>sciens</span> <span class='ocrx_word' id='word_1_69' title='bbox 1134 1808 1289 1915; x_wconf 86' lang='lat' dir='ltr'>lesus</span> <span class='ocrx_word' id='word_1_70' title='bbox 1310 1813 1443 1948; x_wconf 87' lang='lat' dir='ltr'>quia</span> <span class='ocrx_word' id='word_1_71' title='bbox 1468 1816 1618 1919; x_wconf 87' lang='lat' dir='ltr'>venit</span> <span class='ocrx_word' id='word_1_72' title='bbox 1637 1817 1734 1918; x_wconf 91' lang='lat' dir='ltr'>hc·</span> 
     </span>
     <span class='ocr_line' id='line_1_12' title="bbox 191 1953 1733 2093; baseline 0.002 -35"><span class='ocrx_word' id='word_1_73' title='bbox 191 1990 249 2058; x_wconf 92' lang='lat' dir='ltr'>ra</span> <span class='ocrx_word' id='word_1_74' title='bbox 275 1955 392 2093; x_wconf 89' lang='lat' dir='ltr'>ejus</span> <span class='ocrx_word' id='word_1_75' title='bbox 420 1973 483 2056; x_wconf 93' lang='lat' dir='ltr'>ut</span> <span class='ocrx_word' id='word_1_76' title='bbox 509 1954 750 2056; x_wconf 83' lang='lat' dir='ltr'>transcat</span> <span class='ocrx_word' id='word_1_77' title='bbox 777 1986 841 2056; x_wconf 88' lang='lat' dir='ltr'>ex</span> <span class='ocrx_word' id='word_1_78' title='bbox 864 1955 972 2057; x_wconf 89' lang='lat' dir='ltr'>hcc</span> <span class='ocrx_word' id='word_1_79' title='bbox 998 1953 1215 2058; x_wconf 85' lang='lat' dir='ltr'>mundo</span> <span class='ocrx_word' id='word_1_80' title='bbox 1235 1956 1303 2058; x_wconf 91' lang='lat' dir='ltr'>ad</span> <span class='ocrx_word' id='word_1_81' title='bbox 1331 1957 1575 2082; x_wconf 87' lang='lat' dir='ltr'>Patrem;</span> <span class='ocrx_word' id='word_1_82' title='bbox 1604 1993 1733 2064; x_wconf 88' lang='lat' dir='ltr'>curn</span> 
     </span>
     <span class='ocr_line' id='line_1_13' title="bbox 58 2097 1733 2235; baseline 0.002 -34"><span class='ocrx_word' id='word_1_83' title='bbox 58 2098 340 2205; x_wconf 82' lang='lat' dir='ltr'>dilexisset</span> <span class='ocrx_word' id='word_1_84' title='bbox 377 2131 523 2223; x_wconf 90' lang='lat' dir='ltr'>snos,</span> <span class='ocrx_word' id='word_1_85' title='bbox 564 2098 660 2235; x_wconf 93' lang='lat' dir='ltr'>qui</span> <span class='ocrx_word' id='word_1_86' title='bbox 702 2113 859 2198; x_wconf 89' lang='lat' dir='ltr'>erant</span> <span class='ocrx_word' id='word_1_87' title='bbox 884 2098 940 2199; x_wconf 93' lang='lat' dir='ltr'>in</span> <span class='ocrx_word' id='word_1_88' title='bbox 964 2097 1180 2203; x_wconf 85' lang='lat' dir='ltr'>mundo</span> <span class='ocrx_word' id='word_1_89' title='bbox 1208 2133 1218 2203; x_wconf 92' lang='lat'>:</span> <span class='ocrx_word' id='word_1_90' title='bbox 1250 2102 1307 2203; x_wconf 90' lang='lat' dir='ltr'>in</span> <span class='ocrx_word' id='word_1_91' title='bbox 1335 2098 1504 2211; x_wconf 89' lang='lat' dir='ltr'>finem</span> <span class='ocrx_word' id='word_1_92' title='bbox 1545 2103 1733 2210; x_wconf 84' lang='lat' dir='ltr'>dilc&#39;xit</span> 
     </span>
     <span class='ocr_line' id='line_1_14' title="bbox 57 2243 1267 2348; baseline -0.005 -1"><span class='ocrx_word' id='word_1_93' title='bbox 57 2276 173 2348; x_wconf 91' lang='lat' dir='ltr'>eos.</span> <span class='ocrx_word' id='word_1_94' title='bbox 205 2243 289 2347; x_wconf 93' lang='lat' dir='ltr'>Tu</span> <span class='ocrx_word' id='word_1_95' title='bbox 316 2262 521 2348; x_wconf 87' lang='lat' dir='ltr'>autem.</span> <span class='ocrx_word' id='word_1_96' title='bbox 1261 2258 1267 2268; x_wconf 86' lang='lat'>&#39;</span> 
     </span>
     <span class='ocr_line' id='line_1_15' title="bbox 135 2383 1660 2497; baseline 0.003 -4"><span class='ocrx_word' id='word_1_97' title='bbox 135 2386 378 2493; x_wconf 89' lang='lat' dir='ltr'>Sabbatc</span> <span class='ocrx_word' id='word_1_98' title='bbox 404 2398 612 2486; x_wconf 87' lang='lat' dir='ltr'>sancto.</span> <span class='ocrx_word' id='word_1_99' title='bbox 963 2383 1284 2491; x_wconf 83' lang='lat' dir='ltr'>Secundum</span> <span class='ocrx_word' id='word_1_100' title='bbox 1312 2388 1660 2497; x_wconf 65' lang='lat' dir='ltr'>Matthaeum.</span> 
     </span>
     <span class='ocr_line' id='line_1_16' title="bbox 59 2530 1731 2769; baseline 0.002 -132"><span class='ocrx_word' id='word_1_101' title='bbox 59 2542 341 2769; x_wconf 71' lang='lat' dir='ltr'>Vesicae</span> <span class='ocrx_word' id='word_1_102' title='bbox 367 2549 553 2635; x_wconf 86' lang='lat' dir='ltr'>autern</span> <span class='ocrx_word' id='word_1_103' title='bbox 582 2530 816 2651; x_wconf 81' lang='lat' dir='ltr'>sabbati,</span> <span class='ocrx_word' id='word_1_104' title='bbox 839 2564 966 2667; x_wconf 88' lang='lat' dir='ltr'>quae</span> <span class='ocrx_word' id='word_1_105' title='bbox 994 2534 1224 2638; x_wconf 82' lang='lat' dir='ltr'>lucescit</span> <span class='ocrx_word' id='word_1_106' title='bbox 1248 2535 1307 2637; x_wconf 93' lang='lat' dir='ltr'>in</span> <span class='ocrx_word' id='word_1_107' title='bbox 1333 2536 1514 2674; x_wconf 91' lang='lat' dir='ltr'>prima</span> <span class='ocrx_word' id='word_1_108' title='bbox 1533 2539 1731 2642; x_wconf 76' lang='lat' dir='ltr'>sabba·</span> 
     </span>
     <span class='ocr_line' id='line_1_17' title="bbox 191 2673 1735 2811; baseline 0.007 -33"><span class='ocrx_word' id='word_1_109' title='bbox 191 2677 274 2780; x_wconf 91' lang='lat' dir='ltr'>ti:</span> <span class='ocrx_word' id='word_1_110' title='bbox 317 2677 468 2779; x_wconf 90' lang='lat' dir='ltr'>venit</span> <span class='ocrx_word' id='word_1_111' title='bbox 488 2673 658 2778; x_wconf 86' lang='lat' dir='ltr'>Maria</span> <span class='ocrx_word' id='word_1_112' title='bbox 681 2674 1019 2811; x_wconf 73' lang='lat' dir='ltr'>llagdale&#39;ne</span> <span class='ocrx_word' id='word_1_113' title='bbox 1050 2696 1104 2782; x_wconf 88' lang='lat' dir='ltr'>et</span> <span class='ocrx_word' id='word_1_114' title='bbox 1141 2680 1307 2782; x_wconf 82' lang='lat' dir='ltr'>altera</span> <span class='ocrx_word' id='word_1_115' title='bbox 1348 2679 1514 2784; x_wconf 89' lang='lat' dir='ltr'>Maria</span> <span class='ocrx_word' id='word_1_116' title='bbox 1549 2681 1735 2789; x_wconf 87' lang='lat' dir='ltr'>vide&#39;re</span> 
     </span>
     <span class='ocr_line' id='line_1_18' title="bbox 54 2817 1728 2965; baseline 0.003 -39"><span class='ocrx_word' id='word_1_117' title='bbox 54 2823 397 2962; x_wconf 85' lang='lat' dir='ltr'>sepulcrum.</span> <span class='ocrx_word' id='word_1_118' title='bbox 451 2817 524 2922; x_wconf 85' lang='lat' dir='ltr'>Et</span> <span class='ocrx_word' id='word_1_119' title='bbox 562 2854 691 2925; x_wconf 91' lang='lat' dir='ltr'>ecce</span> <span class='ocrx_word' id='word_1_120' title='bbox 730 2821 1077 2926; x_wconf 73' lang='lat' dir='ltr'>terraemetus</span> <span class='ocrx_word' id='word_1_121' title='bbox 1138 2824 1316 2930; x_wconf 90' lang='lat' dir='ltr'>factus</span> <span class='ocrx_word' id='word_1_122' title='bbox 1361 2845 1439 2931; x_wconf 88' lang='lat' dir='ltr'>est</span> <span class='ocrx_word' id='word_1_123' title='bbox 1478 2861 1728 2965; x_wconf 85' lang='lat' dir='ltr'>magnus.</span> 
     </span>
     <span class='ocr_line' id='line_1_19' title="bbox 58 2964 1731 3101; baseline 0.004 -31"><span class='ocrx_word' id='word_1_124' title='bbox 58 2966 311 3101; x_wconf 85' lang='lat' dir='ltr'>Angelus</span> <span class='ocrx_word' id='word_1_125' title='bbox 338 2964 484 3067; x_wconf 90' lang='lat' dir='ltr'>enim</span> <span class='ocrx_word' id='word_1_126' title='bbox 517 2964 739 3068; x_wconf 80' lang='lat' dir='ltr'>deini</span> <span class='ocrx_word' id='word_1_127' title='bbox 761 2965 1048 3070; x_wconf 88' lang='lat' dir='ltr'>dcsce‘ndit</span> <span class='ocrx_word' id='word_1_128' title='bbox 1075 2967 1144 3073; x_wconf 91' lang='lat' dir='ltr'>de</span> <span class='ocrx_word' id='word_1_129' title='bbox 1170 2971 1302 3073; x_wconf 87' lang='lat' dir='ltr'>caelo</span> <span class='ocrx_word' id='word_1_130' title='bbox 1332 3003 1342 3072; x_wconf 91' lang='lat'><strong>:</strong></span> <span class='ocrx_word' id='word_1_131' title='bbox 1385 2989 1439 3074; x_wconf 89' lang='lat' dir='ltr'>et</span> <span class='ocrx_word' id='word_1_132' title='bbox 1464 2971 1731 3077; x_wconf 77' lang='lat' dir='ltr'>accedens</span> 
     </span>
     <span class='ocr_line' id='line_1_20' title="bbox 51 3106 1613 3251; baseline 0.004 -38"><span class='ocrx_word' id='word_1_133' title='bbox 51 3110 294 3216; x_wconf 77' lang='lat' dir='ltr'>revdlvit</span> <span class='ocrx_word' id='word_1_134' title='bbox 318 3106 575 3248; x_wconf 82' lang='lat' dir='ltr'>lapidem,</span> <span class='ocrx_word' id='word_1_135' title='bbox 602 3129 655 3215; x_wconf 87' lang='lat' dir='ltr'>et</span> <span class='ocrx_word' id='word_1_136' title='bbox 680 3109 910 3216; x_wconf 80' lang='lat' dir='ltr'>sedebat</span> <span class='ocrx_word' id='word_1_137' title='bbox 934 3143 1103 3251; x_wconf 86' lang='lat' dir='ltr'>super</span> <span class='ocrx_word' id='word_1_138' title='bbox 1121 3147 1268 3217; x_wconf 90' lang='lat' dir='ltr'>eum.</span> <span class='ocrx_word' id='word_1_139' title='bbox 1292 3113 1380 3216; x_wconf 92' lang='lat' dir='ltr'>Tu</span> <span class='ocrx_word' id='word_1_140' title='bbox 1407 3134 1613 3222; x_wconf 89' lang='lat' dir='ltr'>autem.</span> 
     </span>
     <span class='ocr_line' id='line_1_21' title="bbox 141 3242 1727 3367; baseline 0.003 -17"><span class='ocrx_word' id='word_1_141' title='bbox 141 3250 202 3350; x_wconf 90' lang='lat' dir='ltr'>ln</span> <span class='ocrx_word' id='word_1_142' title='bbox 229 3246 317 3350; x_wconf 84' lang='lat' dir='ltr'>die</span> <span class='ocrx_word' id='word_1_143' title='bbox 342 3265 531 3348; x_wconf 81' lang='lat' dir='ltr'>sancto</span> <span class='ocrx_word' id='word_1_144' title='bbox 558 3242 796 3347; x_wconf 76' lang='lat' dir='ltr'>Pasoltae.</span> <span class='ocrx_word' id='word_1_145' title='bbox 1117 3256 1437 3362; x_wconf 71' lang='lat' dir='ltr'>Secundum</span> <span class='ocrx_word' id='word_1_146' title='bbox 1461 3260 1727 3367; x_wconf 78' lang='lat' dir='ltr'>Marcum.</span> 
     </span>
     <span class='ocr_line' id='line_1_22' title="bbox 120 3396 1731 3535; baseline 0.004 -32"><span class='ocrx_word' id='word_1_147' title='bbox 120 3399 263 3503; x_wconf 87' lang='lat' dir='ltr'>uilln</span> <span class='ocrx_word' id='word_1_148' title='bbox 291 3398 553 3535; x_wconf 78' lang='lat' dir='ltr'>tempore.</span> <span class='ocrx_word' id='word_1_149' title='bbox 603 3396 772 3499; x_wconf 88' lang='lat' dir='ltr'>Maria</span> <span class='ocrx_word' id='word_1_150' title='bbox 798 3397 1140 3534; x_wconf 68' lang='lat' dir='ltr'>Magdalene</span> <span class='ocrx_word' id='word_1_151' title='bbox 1169 3422 1222 3508; x_wconf 93' lang='lat' dir='ltr'>et</span> <span class='ocrx_word' id='word_1_152' title='bbox 1250 3403 1417 3507; x_wconf 87' lang='lat' dir='ltr'>Maria</span> <span class='ocrx_word' id='word_1_153' title='bbox 1437 3403 1649 3530; x_wconf 72' lang='lat' dir='ltr'>lambi,</span> <span class='ocrx_word' id='word_1_154' title='bbox 1677 3426 1731 3511; x_wconf 93' lang='lat' dir='ltr'>et</span> 
     </span>
     <span class='ocr_line' id='line_1_23' title="bbox 149 3540 1734 3688; baseline 0.006 -42"><span class='ocrx_word' id='word_1_155' title='bbox 149 3540 360 3646; x_wconf 80' lang='lat' dir='ltr'>Salome</span> <span class='ocrx_word' id='word_1_156' title='bbox 381 3548 637 3647; x_wconf 82' lang='lat' dir='ltr'>emerunt</span> <span class='ocrx_word' id='word_1_157' title='bbox 661 3542 906 3646; x_wconf 83' lang='lat' dir='ltr'>ardmata</span> <span class='ocrx_word' id='word_1_158' title='bbox 930 3579 940 3649; x_wconf 92' lang='lat'>:</span> <span class='ocrx_word' id='word_1_159' title='bbox 969 3565 1033 3648; x_wconf 92' lang='lat' dir='ltr'>ut</span> <span class='ocrx_word' id='word_1_160' title='bbox 1061 3548 1340 3654; x_wconf 77' lang='lat' dir='ltr'>venientes</span> <span class='ocrx_word' id='word_1_161' title='bbox 1360 3555 1630 3688; x_wconf 76' lang='lat' dir='ltr'>tingerent</span> <span class='ocrx_word' id='word_1_162' title='bbox 1648 3550 1734 3656; x_wconf 88' lang='lat' dir='ltr'>le·</span> 
     </span>
     <span class='ocr_line' id='line_1_24' title="bbox 57 3685 1735 3818; baseline 0.005 -25"><span class='ocrx_word' id='word_1_163' title='bbox 57 3723 213 3793; x_wconf 91' lang='lat' dir='ltr'>sum.</span> <span class='ocrx_word' id='word_1_164' title='bbox 242 3686 312 3790; x_wconf 86' lang='lat' dir='ltr'>Et</span> <span class='ocrx_word' id='word_1_165' title='bbox 338 3685 494 3791; x_wconf 85' lang='lat' dir='ltr'>valde</span> <span class='ocrx_word' id='word_1_166' title='bbox 531 3721 693 3793; x_wconf 90' lang='lat' dir='ltr'>mane</span> <span class='ocrx_word' id='word_1_167' title='bbox 721 3723 833 3792; x_wconf 90' lang='lat' dir='ltr'>una</span> <span class='ocrx_word' id='word_1_168' title='bbox 853 3689 1234 3818; x_wconf 82' lang='lat' dir='ltr'>sabbatdrum,</span> <span class='ocrx_word' id='word_1_169' title='bbox 1256 3697 1490 3799; x_wconf 77' lang='lat' dir='ltr'>veniunt</span> <span class='ocrx_word' id='word_1_170' title='bbox 1515 3694 1583 3800; x_wconf 91' lang='lat' dir='ltr'>ad</span> <span class='ocrx_word' id='word_1_171' title='bbox 1613 3729 1735 3801; x_wconf 86' lang='lat'>1110·</span> 
     </span>
     <span class='ocr_line' id='line_1_25' title="bbox 61 3831 1237 3969; baseline 0.004 -32"><span class='ocrx_word' id='word_1_172' title='bbox 61 3833 406 3938; x_wconf 80' lang='lat' dir='ltr'>numentum</span> <span class='ocrx_word' id='word_1_173' title='bbox 433 3862 443 3932; x_wconf 93' lang='lat'>:</span> <span class='ocrx_word' id='word_1_174' title='bbox 472 3851 596 3936; x_wconf 88' lang='lat' dir='ltr'>ortu</span> <span class='ocrx_word' id='word_1_175' title='bbox 614 3832 732 3969; x_wconf 90' lang='lat' dir='ltr'>jam</span> <span class='ocrx_word' id='word_1_176' title='bbox 757 3836 887 3938; x_wconf 91' lang='lat' dir='ltr'>sole.</span> <span class='ocrx_word' id='word_1_177' title='bbox 916 3831 1004 3939; x_wconf 92' lang='lat' dir='ltr'>Tu</span> <span class='ocrx_word' id='word_1_178' title='bbox 1031 3857 1237 3944; x_wconf 89' lang='lat' dir='ltr'>autem.</span> 
     </span>
     <span class='ocr_line' id='line_1_26' title="bbox 149 3967 1665 4089; baseline 0.011 -18"><span class='ocrx_word' id='word_1_179' title='bbox 149 3968 297 4071; x_wconf 86' lang='lat' dir='ltr'>Feria</span> <span class='ocrx_word' id='word_1_180' title='bbox 327 3967 386 4073; x_wconf 82' lang='lat' dir='ltr'>ll</span> <span class='ocrx_word' id='word_1_181' title='bbox 1094 3981 1416 4089; x_wconf 84' lang='lat' dir='ltr'>Secundum</span> <span class='ocrx_word' id='word_1_182' title='bbox 1437 3980 1665 4088; x_wconf 81' lang='lat' dir='ltr'>Lucam.</span> 
     </span>
     <span class='ocr_line' id='line_1_27' title="bbox 72 4119 1738 4349; baseline 0.005 -126"><span class='ocrx_word' id='word_1_183' title='bbox 72 4127 155 4349; x_wconf 76' lang='lat' dir='ltr'>Iu</span> <span class='ocrx_word' id='word_1_184' title='bbox 180 4119 271 4221; x_wconf 89' lang='lat' dir='ltr'>illc</span> <span class='ocrx_word' id='word_1_185' title='bbox 303 4121 567 4262; x_wconf 77' lang='lat' dir='ltr'>tempore.</span> <span class='ocrx_word' id='word_1_186' title='bbox 598 4122 724 4227; x_wconf 91' lang='lat' dir='ltr'>Duc</span> <span class='ocrx_word' id='word_1_187' title='bbox 752 4157 816 4227; x_wconf 87' lang='lat' dir='ltr'>ex</span> <span class='ocrx_word' id='word_1_188' title='bbox 843 4123 1126 4269; x_wconf 78' lang='lat' dir='ltr'>discipulis</span> <span class='ocrx_word' id='word_1_189' title='bbox 1150 4128 1281 4234; x_wconf 88' lang='lat' dir='ltr'>lesu</span> <span class='ocrx_word' id='word_1_190' title='bbox 1306 4128 1464 4229; x_wconf 81' lang='lat' dir='ltr'>ibant</span> <span class='ocrx_word' id='word_1_191' title='bbox 1489 4129 1607 4269; x_wconf 86' lang='lat' dir='ltr'>ipsa</span> <span class='ocrx_word' id='word_1_192' title='bbox 1646 4127 1738 4231; x_wconf 90' lang='lat' dir='ltr'>die</span> 
     </span>
     <span class='ocr_line' id='line_1_28' title="bbox 151 4264 1738 4411; baseline 0.004 -45"><span class='ocrx_word' id='word_1_193' title='bbox 151 4264 209 4366; x_wconf 90' lang='lat' dir='ltr'>in</span> <span class='ocrx_word' id='word_1_194' title='bbox 232 4267 533 4390; x_wconf 79' lang='lat' dir='ltr'>castellum,</span> <span class='ocrx_word' id='word_1_195' title='bbox 548 4269 702 4404; x_wconf 87' lang='lat' dir='ltr'>quod</span> <span class='ocrx_word' id='word_1_196' title='bbox 725 4288 841 4373; x_wconf 91' lang='lat' dir='ltr'>erat</span> <span class='ocrx_word' id='word_1_197' title='bbox 860 4273 916 4373; x_wconf 92' lang='lat' dir='ltr'>iu</span> <span class='ocrx_word' id='word_1_198' title='bbox 939 4275 1116 4411; x_wconf 83' lang='lat' dir='ltr'>spatio</span> <span class='ocrx_word' id='word_1_199' title='bbox 1136 4273 1444 4379; x_wconf 83' lang='lat' dir='ltr'>stadidrum</span> <span class='ocrx_word' id='word_1_200' title='bbox 1463 4276 1738 4407; x_wconf 76' lang='lat' dir='ltr'>sexaginta</span> 
     </span>
     <span class='ocr_line' id='line_1_29' title="bbox 61 4406 1741 4560; baseline 0.002 -45"><span class='ocrx_word' id='word_1_201' title='bbox 61 4411 144 4515; x_wconf 88' lang='lat' dir='ltr'>ab</span> <span class='ocrx_word' id='word_1_202' title='bbox 180 4406 475 4515; x_wconf 82' lang='lat' dir='ltr'>Jerusalem</span> <span class='ocrx_word' id='word_1_203' title='bbox 505 4446 515 4515; x_wconf 93' lang='lat'>:</span> <span class='ocrx_word' id='word_1_204' title='bbox 546 4414 774 4519; x_wconf 78' lang='lat' dir='ltr'>mimine</span> <span class='ocrx_word' id='word_1_205' title='bbox 812 4414 1094 4524; x_wconf 89' lang='lat' dir='ltr'>Emmaus.</span> <span class='ocrx_word' id='word_1_206' title='bbox 1127 4420 1198 4523; x_wconf 83' lang='lat' dir='ltr'>Et</span> <span class='ocrx_word' id='word_1_207' title='bbox 1228 4418 1334 4560; x_wconf 93' lang='lat' dir='ltr'>ipsi</span> <span class='ocrx_word' id='word_1_208' title='bbox 1365 4419 1741 4555; x_wconf 73' lang='lat' dir='ltr'>loquebantur</span> 
     </span>
     <span class='ocr_line' id='line_1_30' title="bbox 62 4553 1737 4702; baseline 0.003 -42"><span class='ocrx_word' id='word_1_209' title='bbox 62 4553 144 4660; x_wconf 87' lang='lat' dir='ltr'>ad</span> <span class='ocrx_word' id='word_1_210' title='bbox 159 4554 413 4660; x_wconf 88' lang='lat' dir='ltr'>invicem:</span> <span class='ocrx_word' id='word_1_211' title='bbox 433 4556 504 4661; x_wconf 90' lang='lat' dir='ltr'>de</span> <span class='ocrx_word' id='word_1_212' title='bbox 525 4559 611 4663; x_wconf 93' lang='lat' dir='ltr'>his</span> <span class='ocrx_word' id='word_1_213' title='bbox 629 4561 911 4686; x_wconf 73' lang='lat' dir='ltr'>erunibus,</span> <span class='ocrx_word' id='word_1_214' title='bbox 932 4600 1061 4702; x_wconf 89' lang='lat' dir='ltr'>quae</span> <span class='ocrx_word' id='word_1_215' title='bbox 1078 4564 1409 4671; x_wconf 87' lang='lat' dir='ltr'>acciderant.</span> <span class='ocrx_word' id='word_1_216' title='bbox 1426 4562 1513 4665; x_wconf 92' lang='lat' dir='ltr'>Tu</span> <span class='ocrx_word' id='word_1_217' title='bbox 1532 4582 1737 4668; x_wconf 89' lang='lat' dir='ltr'>autem.</span> 
     </span>
     <span class='ocr_line' id='line_1_31' title="bbox 149 4688 1665 4817; baseline -0.001 -6"><span class='ocrx_word' id='word_1_218' title='bbox 149 4688 190 4791; x_wconf 82' lang='lat' dir='ltr'>F</span> <span class='ocrx_word' id='word_1_219' title='bbox 191 4690 299 4794; x_wconf 67' lang='lat' dir='ltr'>etia</span> <span class='ocrx_word' id='word_1_220' title='bbox 319 4691 400 4794; x_wconf 71' lang='grc' dir='ltr'>ΙΙΙ·</span> <span class='ocrx_word' id='word_1_221' title='bbox 1089 4707 1412 4817; x_wconf 84' lang='lat' dir='ltr'>Secundum</span> <span class='ocrx_word' id='word_1_222' title='bbox 1441 4708 1665 4813; x_wconf 81' lang='lat' dir='ltr'>Lucam.</span> 
     </span>
     <span class='ocr_line' id='line_1_32' title="bbox 71 4844 1738 5093; baseline 0.004 -145"><span class='ocrx_word' id='word_1_223' title='bbox 71 4861 162 5093; x_wconf 79' lang='lat' dir='ltr'>lu</span> <span class='ocrx_word' id='word_1_224' title='bbox 198 4844 290 4947; x_wconf 92' lang='lat' dir='ltr'>illo</span> <span class='ocrx_word' id='word_1_225' title='bbox 327 4847 608 4984; x_wconf 77' lang='lat' dir='ltr'>tempore:</span> <span class='ocrx_word' id='word_1_226' title='bbox 637 4845 800 4952; x_wconf 85' lang='lat' dir='ltr'>Stetit</span> <span class='ocrx_word' id='word_1_227' title='bbox 823 4848 980 4957; x_wconf 86' lang='lat' dir='ltr'>lesus</span> <span class='ocrx_word' id='word_1_228' title='bbox 1017 4855 1071 4956; x_wconf 93' lang='lat' dir='ltr'>in</span> <span class='ocrx_word' id='word_1_229' title='bbox 1114 4854 1299 4961; x_wconf 81' lang='lat' dir='ltr'>medio</span> <span class='ocrx_word' id='word_1_230' title='bbox 1337 4853 1738 4995; x_wconf 68' lang='lat' dir='ltr'>discipulerum</span> 
     </span>
     <span class='ocr_line' id='line_1_33' title="bbox 156 4988 1733 5131; baseline 0.005 -40"><span class='ocrx_word' id='word_1_231' title='bbox 156 4988 401 5112; x_wconf 75' lang='lat' dir='ltr'>sutirum,</span> <span class='ocrx_word' id='word_1_232' title='bbox 429 5008 483 5093; x_wconf 93' lang='lat' dir='ltr'>et</span> <span class='ocrx_word' id='word_1_233' title='bbox 520 4988 656 5095; x_wconf 92' lang='lat' dir='ltr'>dicit</span> <span class='ocrx_word' id='word_1_234' title='bbox 682 4995 773 5097; x_wconf 90' lang='lat' dir='ltr'>eis.</span> <span class='ocrx_word' id='word_1_235' title='bbox 808 4995 914 5101; x_wconf 90' lang='lat' dir='ltr'>Pax</span> <span class='ocrx_word' id='word_1_236' title='bbox 939 5000 1112 5105; x_wconf 88' lang='lat' dir='ltr'>vobis.</span> <span class='ocrx_word' id='word_1_237' title='bbox 1144 5003 1258 5131; x_wconf 77' lang='lat' dir='ltr'>Ego</span> <span class='ocrx_word' id='word_1_238' title='bbox 1284 5035 1407 5104; x_wconf 91' lang='lat' dir='ltr'>sum</span> <span class='ocrx_word' id='word_1_239' title='bbox 1433 5034 1443 5106; x_wconf 90' lang='lat'>:</span> <span class='ocrx_word' id='word_1_240' title='bbox 1474 5003 1643 5104; x_wconf 88' lang='lat' dir='ltr'>nolite</span> <span class='ocrx_word' id='word_1_241' title='bbox 1668 5000 1733 5099; x_wconf 90' lang='lat' dir='ltr'>ti-</span> 
     </span>
    </p>
   </div>
   <div class='ocr_carea' id='block_1_3' title="bbox 63 5133 1741 5420">
    <p class='ocr_par' dir='ltr' id='par_1_3' title="bbox 63 5133 1741 5420">
     <span class='ocr_line' id='line_1_34' title="bbox 64 5133 1741 5265; baseline 0.004 -25"><span class='ocrx_word' id='word_1_242' title='bbox 64 5135 237 5240; x_wconf 75' lang='lat' dir='ltr'>mere.</span> <span class='ocrx_word' id='word_1_243' title='bbox 277 5133 613 5240; x_wconf 79' lang='lat' dir='ltr'>Conturbati</span> <span class='ocrx_word' id='word_1_244' title='bbox 651 5171 798 5265; x_wconf 85' lang='lat' dir='ltr'>vern,</span> <span class='ocrx_word' id='word_1_245' title='bbox 828 5161 881 5245; x_wconf 90' lang='lat' dir='ltr'>et</span> <span class='ocrx_word' id='word_1_246' title='bbox 918 5147 1241 5251; x_wconf 78' lang='lat' dir='ltr'>conterriti:</span> <span class='ocrx_word' id='word_1_247' title='bbox 1271 5145 1661 5250; x_wconf 77' lang='lat' dir='ltr'>existimabant</span> <span class='ocrx_word' id='word_1_248' title='bbox 1686 5175 1741 5247; x_wconf 86' lang='lat' dir='ltr'>se</span> 
     </span>
     <span class='ocr_line' id='line_1_35' title="bbox 63 5279 894 5420; baseline 0.008 -32"><span class='ocrx_word' id='word_1_249' title='bbox 63 5279 327 5420; x_wconf 89' lang='lat' dir='ltr'>spiritum</span> <span class='ocrx_word' id='word_1_250' title='bbox 348 5279 550 5386; x_wconf 80' lang='lat' dir='ltr'>vide&#39;re.</span> <span class='ocrx_word' id='word_1_251' title='bbox 573 5280 662 5387; x_wconf 90' lang='lat' dir='ltr'>Tu</span> <span class='ocrx_word' id='word_1_252' title='bbox 688 5305 894 5395; x_wconf 88' lang='lat' dir='ltr'>autem.</span> 
     </span>
    </p>
   </div>
   <div class='ocr_carea' id='block_1_4' title="bbox 150 5580 1530 5683">
    <p class='ocr_par' dir='ltr' id='par_1_4' title="bbox 150 5580 1530 5683">
     <span class='ocr_line' id='line_1_36' title="bbox 150 5580 1530 5683; baseline 0.005 -7"><span class='ocrx_word' id='word_1_253' title='bbox 150 5601 646 5680; x_wconf 65' lang='lat' dir='ltr'>alamannicarum.</span> <span class='ocrx_word' id='word_1_254' title='bbox 1461 5580 1530 5683; x_wconf 84' lang='lat'>38</span> 
     </span>
    </p>
   </div>
   <div class='ocr_carea' id='block_1_5' title="bbox 0 0 2005 6082">
    <p class='ocr_par' dir='ltr' id='par_1_5' title="bbox 0 0 2005 6082">
     <span class='ocr_line' id='line_1_37' title="bbox 0 0 2005 6082; baseline 0 0"><span class='ocrx_word' id='word_1_255' title='bbox 0 0 2005 6082; x_wconf 95' lang='lat' dir='ltr'> </span> 
     </span>
    </p>
   </div>
  </div>
 </body>
</html>
