3990 6082
626 397 628 400 ⁴
758 388 815 454 nn
854 383 1078 451 rniirona.
1649 347 1745 452 301

153 522 308 624 Faria
330 521 424 631 Vl.
1104 522 1427 630 Secundum
1456 523 1681 629 Lucam.

71 675 162 895 In
202 669 295 772 illo
337 674 601 812 tompore.
631 669 864 776 Factum
904 671 1068 777 estin
1097 704 1208 773 una
1235 670 1452 775 die'rum
1482 702 1493 774 :
1523 687 1577 774 ct
1601 669 1757 775 lesus

155 813 383 921 sedabat
419 814 643 920 docens.
675 813 744 918 Et
785 834 941 919 erant
969 816 1225 919 Pharisaei
1247 814 1515 934 sedantes,
1544 832 1597 918 et
1623 814 1755 950 legis

72 956 353 1077 doctores,
376 962 475 1094 qui
500 965 768 1066 vonerant
794 993 858 1064 ex
880 963 1032 1063 omni
1054 959 1274 1066 castello
1302 958 1562 1079 Galilaeae,
1587 974 1641 1062 et
1659 958 1687 1061 J
1694 995 1754 1061 u·

76 1101 234 1228 daeae,
257 1120 311 1208 ct
330 1102 626 1211 Jerusalem
652 1137 663 1209 ;
687 1122 739 1208 et
760 1106 935 1209 virtus
963 1104 1186 1208 Domini
1210 1123 1326 1209 erat
1347 1102 1416 1242 ad
1438 1101 1750 1206 sanandum

76 1280 188 1352 cos.
220 1247 309 1351 Tu
335 1267 539 1354 autem.

152 1386 411 1496 Sabbato.
1099 1390 1423 1497 Secundum
1450 1390 1677 1496 Lucam.

80 1543 164 1764 In
195 1536 286 1640 illo
320 1539 586 1675 tompore.
618 1535 857 1677 Surgens
881 1536 1037 1643 lesus
1064 1536 1133 1641 dc
1159 1538 1436 1678 synagoga
1465 1568 1476 1639 :
1505 1537 1753 1642 introivit

158 1682 218 1783 in
244 1679 478 1786 domum
502 1679 757 1793 Simonis.
787 1682 987 1789 Socrus
1013 1700 1200 1785 autern
1227 1680 1497 1785 Simonis:
1525 1683 1751 1788 teneba-

74 1843 173 1928 tur
212 1828 423 1964 magnis
461 1825 728 1934 schribus.
772 1828 843 1932 Et
870 1830 1203 1963 rogavcrunt
1229 1827 1386 1930 illum
1416 1860 1516 1965 pro
1555 1860 1634 1934 ea.
1662 1825 1751 1928 Tu

75 1988 284 2075 autem.

154 2111 214 2214 ln
234 2112 371 2217 sesto
394 2111 480 2218 SS.
508 2112 807 2220 Trinitatis.
980 2114 1301 2220 Secundum
1328 2114 1677 2218 Matthaeum.

82 2266 164 2486 In
204 2260 295 2363 illo
323 2262 573 2402 tompore
603 2292 614 2363 :
644 2260 791 2365 Dixit
819 2260 975 2364 lesus
1002 2259 1286 2400 discipulis
1324 2261 1451 2365 suis.
1497 2260 1634 2363 Data
1673 2278 1755 2364 est

163 2404 303 2507 mihi
322 2406 504 2510 omnis
524 2409 765 2544 pote'stas
788 2438 798 2509 :
823 2408 880 2506 in
904 2406 1054 2523 caclo,
1079 2423 1133 2508 ct
1159 2407 1214 2506 in
1239 2421 1399 2506 terra.
1430 2402 1640 2509 Euntes
1666 2438 1752 2508 er-

76 2580 148 2684 go
174 2548 369 2653 docctc
394 2583 586 2656 omnes
606 2568 793 2688 gentes
815 2581 826 2651 :
850 2550 1190 2688 baptizantes
1212 2581 1302 2652 eos
1325 2549 1380 2649 in
1409 2548 1637 2653 nomine
1658 2549 1753 2652 Pa·

76 2693 194 2817 tris,
222 2711 278 2797 et
302 2692 440 2816 Filii,
469 2713 524 2799 et
543 2693 779 2833 Spiritus
804 2695 995 2798 sancti.
1025 2692 1113 2796 Tu
1135 2710 1339 2796 autem.
1415 2687 1418 2694 ’

153 2832 213 2935 ln
236 2833 370 2936 festo
391 2833 647 2975 Corporis
666 2835 884 2941 Christi.
1045 2835 1360 2943 Secundum
1388 2835 1676 2941 loannem.

81 2986 161 3209 In
200 2978 292 3081 illo
330 2982 621 3123 tompore:
657 2982 806 3087 Dixit
843 2981 999 3087 lesus
1026 2983 1206 3085 turbis
1230 2979 1573 3087 ludaeorum.
1608 2979 1750 3086 Caro

150 3156 290 3245 mea,
316 3158 444 3230 verc
470 3145 550 3231 est
578 3128 737 3232 cibus
763 3161 772 3230 :
798 3145 852 3231 ct
870 3128 1092 3263 sanguis
1118 3160 1292 3248 meus,
1317 3158 1442 3229 vere
1463 3145 1540 3229 est
1563 3145 1744 3267 potus.

75 3266 192 3396 Qui
231 3269 530 3375 manducat
567 3307 745 3376 meam
784 3305 1023 3391 carnem,
1052 3290 1105 3375 et
1132 3270 1274 3373 bibit
1311 3304 1500 3373 meum
1525 3273 1750 3408 sangui·

72 3447 207 3518 nem
229 3443 240 3515 :
263 3414 322 3515 in
352 3449 438 3520 mc
458 3435 662 3540 manet,
685 3435 740 3521 et
765 3450 865 3553 ego
890 3418 948 3518 in
975 3415 1083 3519 illo.
1107 3413 1197 3517 Tu
1218 3431 1422 3518 autem.

285 3555 572 3662 Dominica
590 3557 731 3658 inlra
753 3553 1018 3660 Octavam
1044 3551 1299 3693 Corporis
1325 3551 1545 3658 Christi.

625 3701 941 3809 Secundum
973 3702 1196 3806 Lucam.

80 3850 160 4071 In
182 3845 273 3948 illo
296 3849 572 3987 te'mpore:
595 3847 742 3974 Dixit
761 3847 915 3951 lesus
936 3848 1217 3951 Pharisaeis
1239 3847 1555 3986 parabolam
1576 3848 1741 3953 hano.

149 3986 332 4093 Homo
352 3991 586 4127 quidam
607 3991 736 4097 fecit
757 4027 948 4096 cenam
974 4025 1224 4127 magnam
1252 4025 1262 4095 :
1287 4010 1341 4094 et
1366 3991 1581 4095 vocavit
1606 3994 1747 4097 mul·

79 4147 177 4237 los.
205 4132 278 4237 Et
319 4135 464 4240 misit
500 4170 719 4241 servum
758 4173 923 4240 suurn
951 4139 1087 4239 bora
1114 4171 1265 4241 cenae
1290 4134 1474 4240 dicere
1498 4138 1745 4241 invitatis

89 4294 142 4379 ut
169 4281 450 4384 venirent:
474 4282 608 4416 quia
626 4281 741 4418 jam
769 4283 957 4423 parata
977 4300 1110 4384 sunt
1129 4281 1331 4384 omnia.
1356 4277 1442 4382 Tu
1465 4299 1669 4383 autern.

95 4411 366 4522 [lominica
387 4419 558 4559 l.post
579 4419 844 4526 Octavam
863 4421 1484 4529 Trirritatis.Sectitiduni
1507 4422 1740 4528 Lucam.

83 4564 158 4789 [a
178 4565 272 4670 illo
298 4569 549 4706 tompore
575 4603 586 4670 ;
613 4568 787 4673 Erant
807 4571 1322 4709 appropinquantes
1342 4567 1409 4672 ad
1435 4568 1620 4672 lesum
1643 4604 1744 4710 pu·

154 4708 377 4835 blicani,
398 4727 453 4815 ct
473 4713 807 4852 peccatores
839 4731 901 4815 ut
920 4712 1179 4818 audirent
1206 4715 1379 4816 illurn.
1403 4710 1475 4815 Et
1494 4748 1743 4817 murinu-

62 4850 274 4958 rabant
304 4855 581 4978 Pharisaei,
610 4875 665 4961 ct
690 4855 912 4976 Scribae‚
941 4857 1187 4974 dicantes
1216 4889 1226 4960 :
1257 4855 1401 4980 Quia
1428 4857 1521 4961 hic
1548 4893 1759 5000 pecca·-

56 4992 217 5103 tores
236 5001 451 5159 rccipit‚
475 5019 530 5104 ct
557 4999 858 5107 inanducat
885 5035 1014 5105 cnm
1036 5003 1155 5106 illis.
1179 4999 1270 5103 Tu
1291 5019 1497 5104 autern.

146 5136 433 5246 Dominroa
455 5138 515 5246 ll.
1097 5143 1420 5249 Secundum
1441 5144 1666 5251 Lucam.

55 5262 152 5507 ln
172 5286 266 5390 illo
288 5293 556 5428 tc'mpore.
581 5287 726 5392 Cum
748 5290 928 5394 turbae
956 5290 1308 5394 irriierentin
1334 5287 1542 5414 lesum,
1566 5311 1629 5395 ut
1647 5327 1743 5396 an·

141 5429 324 5537 dirent
344 5434 578 5538 verbum
604 5433 700 5537 [lei
723 5468 734 5539 :
758 5453 811 5539 et
830 5437 947 5575 ipse
967 5435 1148 5538 stabat
1169 5466 1326 5539 secus
1345 5452 1604 5572 stagnum
1627 5436 1741 5544 Ge·
