3990 6082
152 383 202 464 lO
606 387 705 466 Dat.
731 383 782 467 ll.
802 390 859 467 De
876 390 1054 490 Capitale
1071 390 1376 491 amantissimo.

155 536 352 614 solutione
377 544 505 613 autem
533 546 572 614 et
599 537 877 616 terminatione
904 540 1195 639 quaestionum,
1217 539 1267 617 de
1289 539 1536 618 correctione
1561 540 1761 638 Fratrum,
1778 530 1821 620 da

157 651 276 728 modo
303 651 649 750 poenitentiarum,
673 651 780 729 etde
804 654 1148 733 praedicatoribus
1174 655 1224 732 ad
1251 654 1577 754 praedicandum,
1603 665 1646 733 et
1674 658 1822 733 studen-

158 766 253 844 dum
278 767 510 844 mittendis:
549 766 749 844 Praelatus
772 768 897 865 major
914 790 1004 844 cum
1023 768 1125 864 aliis,
1145 769 1213 868 qui
1233 768 1284 845 ad
1309 769 1384 845 boc
1411 770 1545 847 statuti
1565 779 1674 863 sunt,
1697 780 1826 848 tracta·

158 881 286 979 bunt;
315 891 354 960 et
385 880 580 982 quidquid
606 880 699 957 inde
734 880 884 980 Spiritu
920 893 1056 961 sancto
1092 883 1266 962 donante
1298 883 1541 962 ordinaverit
1574 883 1824 984 Capitulum:

159 997 447 1093 universaliter,
482 996 734 1091 unanimiter,
764 1005 803 1073 et
827 996 965 1075 devote
997 998 1228 1098 suscipiant.
1264 998 1404 1076 Nullus
1438 1007 1676 1094 murmuret,
1705 996 1827 1077 nullus

159 1115 345 1191 reclamet
365 1142 372 1187 :
395 1111 527 1189 nullus
551 1110 804 1188 contradicat.
827 1110 872 1186 ln
893 1110 969 1189 tine
989 1112 1053 1190 fiat
1077 1113 1301 1191 communis
1328 1113 1524 1192 consessio
1541 1123 1581 1191 ct
1601 1112 1824 1191 absolutio:

159 1242 197 1311 ot
226 1228 569 1331 perseverantibus
603 1227 842 1304 benedictio.
874 1228 923 1314 Et
959 1229 1055 1306 baec
1089 1228 1227 1306 eadem
1258 1229 1420 1306 forma:
1458 1230 1498 1305 in
1526 1229 1714 1330 Capitulo
1742 1231 1826 1310 Pro

159 1346 318 1426 vinciali
338 1345 520 1422 similiter
538 1342 783 1420 observetur.
955 1335 957 1338 ’

210 1466 333 1541 Porro
360 1461 543 1562 Magister
571 1459 735 1536 Ordinis
760 1470 826 1536 aut
855 1459 1011 1537 Priores
1038 1458 1306 1536 Provinciales
1333 1480 1411 1536 non
1440 1466 1596 1538 mutent
1613 1464 1710 1541 Acta
1743 1463 1826 1542 Pro

159 1579 341 1656 vincialis
368 1575 549 1676 Capituli,
574 1584 641 1651 aut
664 1573 865 1651 Generalis
891 1599 898 1644 ε
924 1573 1001 1650 nisi
1030 1573 1129 1649 forte
1150 1572 1192 1647 in
1216 1573 1378 1673 speciali
1401 1595 1448 1650 ex
1471 1597 1587 1652 causa
1617 1578 1827 1656 necessaria

159 1707 198 1773 et
216 1693 320 1773 utili.
344 1693 442 1769 ltem
462 1689 644 1790 generale
669 1696 856 1766 statutum
882 1688 1056 1783 Ordinis,
1079 1687 1137 1763 vel
1165 1687 1492 1765 consuetudinem
1520 1688 1590 1768 diu
1618 1691 1824 1787 obtentam,

159 1821 196 1889 et
223 1809 488 1887 communiter
514 1804 777 1905 approbatam
806 1804 845 1880 in
874 1803 1052 1895 Ordine;
1075 1828 1147 1882 nec
1176 1804 1361 1905 Magister
1386 1801 1560 1899 Ordinis,
1582 1826 1658 1882 nec
1682 1806 1827 1885 Priores

161 1922 422 2002 Provinciales
448 1921 694 2020 aliquatenus
724 1918 894 1996 audeant
919 1919 1157 1996 immutare:
1185 1919 1260 1995 nisi
1296 1941 1367 2018 per
1399 1918 1471 1994 tria
1501 1916 1683 2018 Capitula
1721 1921 1825 1999 luerit

157 2038 433 2140 approbatum.
466 2036 519 2112 Ea
546 2057 652 2129 vero,
683 2054 782 2133 quae
808 2032 858 2110 de
885 2033 1066 2111 Cenerali
1100 2033 1280 2134 Capitulo
1310 2032 1415 2110 dicta
1450 2041 1542 2110 sunt
1573 2062 1580 2109 :
1617 2034 1660 2110 in
1693 2035 1824 2136 vigilia

156 2157 406 2232 Pentecostes
425 2150 572 2228 debent
590 2149 781 2226 inchoari.

205 2269 430 2369 Capitulum
468 2274 598 2343 autem
633 2262 823 2341 Cenerale
857 2262 960 2339 ultra
997 2260 1211 2340 Sabbatum
1244 2262 1344 2338 infra
1379 2261 1544 2340 Octavas
1579 2264 1822 2344 Pentecostes

157 2409 235 2465 non
256 2383 515 2485 prolongetur
537 2409 544 2455 :
568 2380 643 2456 nisi
668 2402 714 2455 ex
734 2400 851 2454 causa
870 2377 1096 2455 rationabili
1117 2378 1301 2478 Magistro
1325 2387 1364 2454 et
1388 2376 1679 2457 Definitoribus
1706 2381 1820 2458 videa·

157 2514 233 2590 tur,
258 2498 366 2600 quod
392 2519 463 2598 per
489 2517 612 2573 unum
641 2494 761 2588 diem,
787 2492 846 2570 vel
873 2492 974 2570 duos
1007 2493 1057 2569 ad
1092 2492 1195 2592 plus,
1216 2491 1357 2569 debeat
1388 2491 1630 2593 prolongari.
1659 2495 1820 2596 Capitula

157 2618 275 2696 etiam
299 2611 559 2690 Provincialia
583 2640 589 2685 :
611 2609 750 2686 eodem
781 2607 901 2684 modo
927 2607 1027 2684 inlra
1055 2615 1324 2705 praetaxatum
1345 2627 1556 2683 numerum
1582 2607 1742 2688 dierum
1757 2620 1820 2689 ter·

158 2732 371 2808 minentur.
393 2726 630 2804 Necessitate
652 2746 744 2802 vero
771 2732 934 2823 urgente
956 2751 963 2797 :
986 2722 1171 2822 Magister
1191 2721 1368 2816 Ordinis,
1392 2721 1450 2798 vel
1471 2725 1556 2820 ejus
1575 2724 1680 2802 vices
1698 2745 1816 2825 geraus

156 2869 247 2924 cum
275 2866 436 2923 assensu
467 2840 617 2918 Prioris
647 2838 917 2932 Provincialis,
946 2838 986 2912 in
1017 2838 1126 2935 cujus
1155 2836 1362 2914 Provincia
1389 2835 1618 2936 Capitulum
1647 2837 1815 2918 Cenerale

158 2958 435 3040 celebrandum
463 2955 593 3044 luerit,
614 2954 664 3031 de
685 2954 853 3031 consilio
871 2952 1148 3047 discretorum,
1173 2951 1223 3028 ad
1241 2950 1361 3027 alium
1381 2950 1628 3030 Conventum
1656 2954 1810 3052 ejusden

158 3074 386 3154 Provinciae
412 3072 535 3172 possit
570 3069 673 3146 illud¹
696 3067 918 3147 transferre.
941 3066 1060 3163 Quod
1087 3067 1120 3144 si
1149 3068 1188 3142 in
1217 3066 1352 3142 eadem
1383 3066 1593 3144 Provincia
1624 3067 1810 3146 commoda

157 3190 348 3270 celebrari
379 3210 457 3265 non
486 3185 609 3265 valeat
636 3184 775 3261 eodem
803 3204 906 3260 anno
925 3213 933 3271 ;
955 3182 1139 3280 Magister
1157 3180 1334 3292 Ordinis,
1351 3180 1411 3258 vel
1439 3184 1524 3280 ejus
1549 3182 1657 3261 vices
1682 3205 1806 3284 gerens

158 3315 244 3414 ipso
277 3317 434 3388 mortuo
469 3307 527 3384 vel
555 3314 701 3400 amoto,
737 3304 886 3382 dictum
920 3303 1146 3403 Capitulum
1174 3303 1223 3380 ad
1250 3303 1367 3381 aliam
1397 3303 1646 3380 Provinciam
1682 3317 1807 3382 mutare

30 3466 47 3476 ··
158 3427 326 3530 poterit:
353 3425 384 3501 si
404 3423 617 3522 expediens
631 3421 876 3519 judicaverit,
898 3420 947 3496 de
967 3420 1146 3496 Fratrum
1164 3418 1330 3495 consilio
1348 3418 1626 3496 discretorum.

235 3644 299 3721 Dc
342 3641 593 3741 Cupittclo
637 3639 1096 3718 Generaliasimo:
1133 3638 1394 3715 decimu-m
1436 3637 1749 3737 Capitulum.

225 3905 397 3962 urrunnun
417 3878 766 3957 Generalissimunt
795 3900 872 3956 non
901 3889 1164 3971 convocetur;
1187 3879 1262 3956 nisi
1283 3879 1442 3979 quando
1473 3885 1603 3982 major
1624 3905 1714 3984 pars
1734 3882 1804 3960 Pro·

159 3905 457 4085 Cvinciarum
484 3993 638 4094 petierit
658 4021 666 4067 ε
688 3991 749 4069 vel
768 3993 953 4095 Magistro
972 4015 1063 4071 cum
1087 3994 1218 4071 media
1245 4005 1354 4095 parte
1381 3995 1680 4075 Provinciarum
1703 3998 1804 4076 visun

158 4116 275 4194 luerit
310 4111 506 4212 expedire.
550 4109 778 4186 Provinciae
808 4130 920 4204 vero,
956 4131 1056 4208 quae
1084 4117 1223 4209 petunt
1261 4138 1267 4184 :
1304 4109 1481 4188 scribant
1513 4133 1674 4209 causas,
1710 4127 1805 4212 quara

159 4239 309 4333 petunt.
349 4228 405 4303 De
431 4225 494 4301 bis
520 4232 650 4301 tamen
680 4222 908 4323 Capitulum
935 4223 1126 4301 Cenerale
1154 4245 1232 4301 non
1260 4223 1419 4302 babebit
1445 4224 1628 4323 judicare
1660 4257 1668 4303 :
1698 4238 1805 4305 utrum

159 4345 397 4425 sufficientes
425 4342 516 4433 sint,
547 4337 606 4415 vel
635 4359 727 4414 non.
757 4338 834 4415 Sed
861 4346 990 4415 Mmen
1018 4338 1270 4416 scribantur:
1304 4349 1345 4416 ut
1381 4339 1537 4417 Fratres
1564 4340 1614 4418 de
1644 4343 1706 4420 bis
1737 4348 1806 4418 ante

159 4462 385 4562 Capitulum
405 4456 583 4535 conlerre
607 4454 770 4532 valeant.
794 4454 951 4532 Priores
968 4466 1097 4533 autem
1122 4446 1384 4532 Provinciales
1401 4455 1545 4555 singuli
1565 4479 1657 4535 cum
1675 4457 1806 4536 duobus

158 4578 277 4658 sociis
312 4601 332 4652 a
366 4571 549 4672 Capitulo
589 4592 661 4647 suo
699 4570 934 4646 Provinciali
967 4569 1102 4647 electis
1128 4592 1148 4646 a
1177 4569 1361 4669 pluribus
1401 4570 1612 4650 medietate
1651 4573 1806 4651 omnium

157 4692 384 4794 eligentium
414 4715 421 4761 :
459 4686 534 4764 tale
563 4684 785 4785 Capitulum
813 4685 1082 4762 celebrabunt.
1120 4684 1282 4761 lluobus
1312 4693 1443 4762 autem
1470 4686 1585 4762 aunis
1612 4697 1702 4764 ante
1735 4708 1807 4788 pro·

158 4809 359 4883 nuntietur
380 4833 386 4879 :
408 4802 483 4878 nisi
505 4822 649 4898 urgens
669 4798 785 4877 fuerit
802 4801 1026 4878 necessitas

206 4923 319 4998 Anno
346 4918 394 4994 ab
422 4915 696 4993 lncarnatione
734 4915 892 4994 llomini
926 4914 1138 4992 millesimo
1172 4914 1443 4991 ducentesimo
1469 4914 1659 5016 vigesimo
1693 4926 1807 4996 octavo

156 5043 423 5115 convenerunt
467 5029 627 5107 Parisiis
659 5030 698 5104 in
737 5029 857 5108 domo
896 5030 1024 5109 Sancti
1060 5030 1196 5108 Jacobi
1243 5029 1396 5106 Priores
1432 5030 1712 5130 Provinciales,
1748 5049 1808 5109 uua

155 5174 244 5231 cum
270 5145 485 5227 venerabili
518 5146 630 5222 Patre
660 5146 790 5222 Fratre
817 5146 1003 5241 lordono,
1032 5145 1159 5222 bonae
1193 5144 1419 5238 memoriae,
1450 5145 1638 5244 Magistro
1665 5144 1810 5225 Ordinis

155 5267 307 5357 nostri:
341 5261 485 5362 singuli
520 5284 607 5338 curn
644 5261 800 5338 duobus
830 5259 1117 5338 Definitoribus
1149 5281 1171 5334 a
1198 5256 1390 5358 Capitulis
1421 5259 1737 5342 Provincialibus
1761 5262 1812 5340 da

152 5382 325 5483 putatis:
349 5379 386 5454 in
417 5400 517 5478 quos
547 5377 700 5454 Fratres
724 5398 862 5454 omnes
888 5384 976 5455 vota
999 5397 1067 5451 sua
1092 5373 1332 5450 unanimiter
1357 5374 1658 5473 transtulerunt,
1680 5380 1814 5458 eisdem

152 5506 383 5597 potestatem
423 5492 643 5591 plenariam
679 5491 965 5581 concedentes;
1006 5502 1048 5566 ut
1086 5488 1284 5590 quidquid
1323 5487 1371 5564 ab
1406 5490 1462 5565 eis
1503 5488 1627 5589 fieret,
1668 5498 1751 5577 sive
1786 5496 1817 5572 iu
