3990 6082
240 382 346 488 ιιι
783 394 788 407 ·
866 315 1350 473 suerranum)

241 592 490 735 passione
530 591 806 694 mundum
853 593 1213 695 illustrarunt.
1252 583 1473 687 l'csturn.
1515 584 1777 725 Simplex,
1814 592 1921 707 llo.

244 768 373 843 mae:
403 739 579 877 passio
605 739 920 838 sanctarum
941 738 1213 874 virginum
1237 757 1290 840 et
1311 736 1839 883 martyrum‘Dignae
1866 768 1920 853 et

244 882 516 1001 Enreritae,
545 883 650 982 suh
677 877 970 984 Valeriano
995 899 1049 984 et
1088 879 1357 998 Gallieno,
1387 916 1624 1016 quarum
1667 891 1917 1028 reliquiae

240 1029 299 1128 in
338 1027 576 1128 ecclesia
604 1029 777 1127 sancti
824 1023 1062 1128 Marcelli
1106 1026 1467 1129 asservantur.
1522 1018 1819 1170 Ratispdne
1858 1038 1912 1138 in

240 1169 462 1272 Bavaria
484 1202 494 1270 :
517 1168 689 1271 sancti
712 1168 1046 1273 Emmerami
1068 1167 1326 1307 Episcopi
1348 1188 1401 1273 et
1422 1164 1690 1312 martyris.
1715 1176 1828 1301 Qui
1852 1201 1911 1282 ut

240 1315 371 1416 alios
391 1314 680 1416 liberaret:
710 1330 943 1415 mortem
981 1314 1346 1433 saevissimam,
1375 1312 1579 1421 Christi
1601 1350 1783 1441 causa,
1811 1330 1913 1461 'pa-

244 1461 439 1561 tienter
476 1457 660 1561 subiit.
697 1453 1049 1596 Antinoopoli
1088 1460 1145 1557 in
1176 1456 1411 1597 AEgypto
1440 1490 1452 1561 ε
1481 1479 1685 1565 sanctae
1722 1464 1914 1571 lraiidis

241 1603 460 1737 virginis
486 1600 885 1718 Alexandrinae,
914 1619 968 1704 et
1005 1601 1281 1705 socierum
1322 1605 1644 1742 martyrum.
1675 1606 1817 1730 Quae
1841 1611 1909 1714 ad

245 1744 608 1849 hauriendam
628 1780 657 1848 e
677 1746 928 1883 proximo
950 1743 1100 1849 sonte
1121 1780 1322 1881 aquam
1346 1753 1571 1881 egressa,
1593 1784 1722 1852 cum
1744 1752 1914 1858 vidis·

239 1906 321 1995 set
342 1890 525 1992 navim
545 1887 948 1992 conlessdrihus
974 1886 1176 1991 Christi
1198 1894 1472 2015 ontistam,
1503 1894 1685 1997 relicta
1714 1897 1914 2038 hydria

243 2034 492 2172 pretinus
530 2067 585 2137 se
623 2034 725 2136 illis
763 2030 1016 2168 adjenxit
1044 2065 1056 2150 ;
1085 2067 1148 2135 ac
1186 2037 1347 2136 simul
1373 2069 1500 2140 cum
1538 2036 1602 2140 iis
1628 2039 1686 2141 in
1712 2044 1917 2146 urbem

240 2177 425 2297 ducta,
448 2178 624 2317 prima
645 2177 914 2295 omniurn,
932 2195 1051 2315 post
1075 2179 1247 2279 multa
1266 2180 1552 2320 supplicia,
1575 2184 1756 2321 capite
1777 2221 1917 2292 caesa

239 2340 318 2427 est
359 2354 369 2423 :
414 2321 613 2424 deinde
652 2319 975 2460 Presbyteri,
1017 2318 1264 2439 Diaconi‚
1305 2343 1358 2427 et
1396 2321 1667 2462 Virgines,
1707 2331 1917 2467 aliique

236 2499 426 2570 omnes
452 2464 643 2568 eodem
675 2467 861 2599 mortis
900 2468 1095 2597 genere
1133 2468 1443 2608 consumpti
1483 2462 1715 2572 suntin
1761 2479 1917 2578 terri·

237 2611 379 2712 torio
406 2606 810 2711 Constantiensi
838 2643 847 2712 :
873 2610 1045 2710 sancti
1088 2611 1348 2713 Lautdnis
1375 2611 1650 2751 Episcopi.
1687 2608 1738 2716 ln
1771 2653 1917 2757 pago

242 2754 557 2857 pictaviensi
584 2784 593 2852 :
618 2753 791 2856 sancti
813 2751 1071 2855 Florentii
1095 2753 1415 2893 Presbyteri.
1446 2749 1499 2855 ln
1525 2759 1800 2865 territorio
1828 2750 1916 2866 Bi·

236 2899 494 3000 turicensi
523 2928 532 2997 :
558 2898 729 2998 sancti
770 2897 971 2998 Silvani
1011 2896 1347 3000 confessoris.
1396 2890 1918 3011 lauduni1sanctae

236 3038 539 3176 Salabergae
563 3040 876 3143 Abbatissae.
909 3028 983 3176 ›1‹
1311 3063 1313 3067 ’

217 3232 294 3346 ¹rG
605 3226 761 3335 Nono
781 3234 1051 3338 Kalendas
1078 3233 1364 3340 Octobris:
1396 3236 1553 3340 Luna

244 3427 355 3523 ah
413 3422 519 3524 cd
589 3456 616 3522 c
683 3422 865 3552 tgh
932 3424 943 3517 i
1023 3424 1054 3521 l<
1137 3428 1146 3519 Ι
1217 3458 1272 3523 ιιι
1330 3458 1363 3520 ιι
1418 3460 1453 3559 p
1517 3461 1553 3558 q
1613 3461 1725 3527 rs
1809 3450 1831 3529 t.
1890 3468 1926 3534 n

242 3581 850 3662 12345678
913 3583 937 3661 9
1006 3586 1149 3664 lilll
1207 3586 1920 3674 1213141516171819

245 3698 1926 3808 ABCDEFECHMNP

236 3857 1920 3946 202122232425252627282930

94 4040 153 4107 [tie
178 4043 233 4105 23.
249 4021 413 4242 lcomr
440 4015 498 4115 in
520 4012 794 4154 Lycaonia
816 4046 826 4116 :
850 4033 1052 4117 sanotae
1072 4011 1293 4118 Theclae
1313 4016 1534 4150 virginis
1553 4035 1607 4120 et
1632 4016 1910 4158 mertyris.

318 4157 458 4281 Quae
494 4192 523 4258 a
562 4178 751 4260 sancto
792 4159 958 4259 Paulo
996 4156 1260 4296 Apostolo
1298 4158 1368 4260 ad
1408 4157 1575 4261 fidem
1616 4159 1912 4300 perducta,

236 4304 340 4405 sub
380 4303 595 4405 Nerone
632 4302 964 4440 imperatore
1001 4303 1057 4402 in
1086 4303 1426 4406 confessione
1447 4300 1651 4407 Christi
1673 4305 1830 4441 ignes
1850 4341 1914 4411 ac

237 4447 434 4551 bestias
454 4446 653 4549 devicit
675 4479 687 4566 ;
710 4464 762 4549 et
785 4463 907 4583 post
926 4446 1161 4585 plurima
1182 4444 1249 4547 ad
1274 4445 1578 4551 doctrinam
1600 4449 1913 4554 multorum

236 4592 489 4729 superata
530 4590 846 4709 certamina,
875 4588 1179 4694 Seleuciam
1221 4591 1473 4695 veniens:
1514 4591 1594 4694 ibi
1633 4595 1912 4728 requievit

238 4734 293 4834 in
321 4769 471 4874 pace.
500 4731 680 4855 Quam
713 4735 886 4837 sancti
915 4732 1095 4838 Patres
1123 4734 1351 4838 summis
1375 4734 1636 4840 laudibus
1662 4737 1915 4843 celebra'-

240 4898 385 4982 runt.
425 4876 635 4979 Festum
662 4873 890 5010 Duplex.
916 4872 1095 4980 Romae
1123 4878 1330 4982 :sancti
1359 4876 1481 4980 Lini
1508 4879 1668 5020 Papae
1687 4896 1743 4983 et
1764 4885 1917 4986 mair-

240 5025 385 5161 tyris.
410 5022 519 5146 Qui
544 5022 753 5161 primus
774 5038 896 5160 post
936 5022 1159 5123 beatum
1204 5022 1423 5124 Petrum
1446 5021 1773 5160 Apdstolum
1798 5026 1917 5130 Ro-

240 5170 454 5269 manam
496 5165 793 5271 Ecclesiam
833 5166 1191 5299 guhermivit:
1218 5183 1270 5266 et
1303 5167 1568 5306 martyrio
1594 5170 1916 5291 coronatus,

235 5314 481 5447 sepultus
501 5331 581 5416 est
600 5313 655 5411 in
680 5305 952 5412 Vaticano
991 5343 1162 5448 prope
1201 5309 1457 5412 erimdern
1481 5310 1831 5449 Apostolum.
1866 5314 1912 5417 lr

235 5448 533 5595 Campania
558 5486 569 5557 ι
594 5454 1042 5557 οοιιιιιιειιιοιέιίο
1083 5454 1229 5557 beati
1256 5450 1388 5556 Sdsii
1421 5453 1650 5558 Dieroni
1673 5452 1917 5564 Misene-
