3990 6082
548 415 643 496 bist.
665 414 717 494 ll.
738 419 792 495 De
813 419 989 515 Capi-tulo
1014 420 1249 515 quotidiano.
1691 411 1739 502 33

57 572 253 653 sitionem
281 573 453 650 duorum
481 570 750 670 antiquiorum
777 569 816 643 in
842 568 992 646 Ordine
1014 571 1275 667 praesentium
1300 572 1338 647 in
1360 572 1569 673 Capitulo;
1597 574 1665 673 qui
1688 576 1739 653 sit

60 688 272 770 Generalis
299 685 475 785 Capituli
503 684 697 761 Definitor
719 713 725 758 :
748 683 964 761 secundum
994 683 1159 761 formam
1188 686 1451 786 supradictam
1481 690 1521 764 in
1549 688 1740 769 electione

62 804 330 883 Definitorum
366 799 537 900 Capituli
570 797 836 876 provincialia
859 797 929 875 Cui
963 800 1092 876 socius
1120 811 1347 898 competens
1369 826 1390 879 a
1415 804 1551 881 Priore
1579 805 1739 881 Provin-

64 918 158 998 ciali
178 926 217 996 et
240 914 527 995 Definitoribus
554 913 786 1012 assignetur.
824 910 901 1007 Qui
925 913 1118 991 Definitor
1154 924 1192 991 et
1226 916 1355 993 socius
1381 947 1388 992 :
1427 918 1554 995 solum
1583 919 1632 996 de
1659 921 1740 997 suis

67 1032 314 1128 Provinciis,
355 1050 521 1130 quarum
561 1037 652 1104 sunt
685 1027 780 1121 lilii,
823 1036 1085 1104 assumantur.
1124 1028 1240 1124 Quod
1276 1031 1393 1107 etiarn
1420 1033 1469 1109 de
1496 1032 1741 1111 Electoribus

66 1148 246 1247 Magistri
281 1144 477 1224 Ordinis:
508 1143 689 1221 volumus
724 1141 1006 1219 inviolabiliter
1033 1142 1245 1221 observari.
1277 1146 1380 1223 Socii
1409 1147 1524 1224 etiarn
1558 1148 1740 1225 Priorum

69 1261 401 1344 conventualium
420 1260 468 1337 ad
488 1257 734 1335 Provinciale
761 1255 1000 1356 Capitulum,
1022 1268 1059 1335 et
1077 1258 1264 1336 electores
1287 1260 1435 1338 Prioris
1454 1261 1708 1339 Provincialis
1732 1291 1738 1336 :

68 1389 228 1458 tautum
246 1377 296 1455 de
315 1372 595 1469 Conventibus,
620 1373 659 1447 in
681 1371 826 1472 quibus
847 1382 938 1450 sunt
959 1373 1157 1473 assignati,
1178 1374 1384 1475 eligantur.

122 1493 243 1592 Quod
269 1493 300 1569 si
326 1488 630 1592 supersedeatur
656 1487 725 1564 illo
752 1509 855 1564 anno
886 1510 907 1563 a
936 1487 1116 1586 Capitulo
1144 1488 1326 1567 Cenerali
1358 1520 1365 1566 :
1400 1493 1533 1592 quiin
1563 1492 1739 1592 sequenti

72 1607 259 1711 Capitulo
287 1603 525 1685 Provinciali
554 1603 703 1680 electus
730 1602 861 1696 inerit,
891 1604 1078 1681 habeatur
1104 1603 1310 1682 Generalis
1334 1607 1504 1706 Capituli
1531 1607 1735 1684 Detinitor.

72 1726 115 1806 Si
142 1745 237 1802 vero
264 1720 397 1800 nullus
423 1720 524 1797 alius
557 1717 754 1818 legitimus
789 1718 935 1796 electus
968 1719 1083 1796 luerit
1112 1747 1119 1793 :
1156 1719 1236 1815 ille,
1266 1721 1396 1819 quiin
1424 1721 1604 1821 Capitulo
1631 1745 1739 1821 prae-

73 1839 232 1920 cedenti
259 1837 382 1916 fuerat
415 1836 575 1929 electus,
605 1834 803 1933 legitimus
830 1835 881 1911 sit
909 1833 1116 1911 Definitor.
1147 1837 1194 1912 Et
1220 1836 1322 1913 idern
1356 1836 1525 1913 dicimus
1561 1836 1609 1913 de
1635 1836 1741 1914 illius
1864 1927 1867 1931 ,

75 1956 200 2051 socio,
229 1953 335 2055 quod
365 1951 502 2047 valeat,
532 1959 570 2028 et
605 1949 655 2027 sit
687 1949 826 2027 eodem
854 1948 973 2027 modo
1011 1949 1208 2050 legitimus
1235 1952 1377 2047 socius,
1405 1963 1442 2029 et
1468 1952 1508 2026 in
1536 1974 1639 2028 anno
1666 1952 1741 2029 ele·

77 2070 224 2151 ctionis
253 2066 428 2170 Magistri
454 2065 618 2144 Ordinis
652 2065 703 2141 sit
738 2064 897 2160 elector,
928 2065 960 2141 si
990 2078 1154 2143 nonest
1188 2066 1287 2144 alius
1313 2067 1459 2144 elector
1485 2067 1630 2144 electus
1660 2095 1667 2142 :
1705 2075 1744 2144 et

79 2197 161 2267 tam
186 2184 394 2272 Definitor,
414 2202 531 2282 quarn
568 2182 699 2258 socius
730 2180 900 2258 babeant
936 2180 1086 2259 litteras
1118 2182 1411 2277 testimoniales,
1443 2205 1520 2260 non
1549 2191 1743 2261 tantuma
1880 2181 1883 2185 ’

80 2302 220 2382 Priora
240 2297 485 2386 Provinciali‚
506 2296 575 2376 sed
596 2318 617 2374 a
636 2305 718 2375 toto
738 2296 996 2391 Detinitori03
1018 2297 1115 2374 alias
1134 2298 1243 2375 nullo
1263 2299 1381 2376 modo
1400 2298 1655 2378 admittantur
1676 2320 1746 2375 nec

82 2419 132 2498 ad
159 2415 442 2508 definitionem,
470 2437 541 2491 nec
567 2413 616 2490 ad
645 2413 877 2490 electionem
907 2413 1082 2512 Magistri
1110 2413 1286 2505 Ordinis,
1311 2414 1350 2489 in
1377 2437 1479 2493 anno
1507 2413 1741 2493 electionis:

84 2533 160 2613 nisi
181 2533 294 2611 aliter
311 2530 360 2608 de
380 2533 468 2629 jure
492 2529 726 2607 constiterit.

135 2646 328 2726 Nolumus
353 2658 498 2735 tamen,
519 2644 634 2744 quod
647 2645 693 2735 is,
714 2645 781 2744 qui
809 2645 847 2718 in
879 2647 1125 2745 praecedenti
1153 2645 1334 2747 Capitulo
1357 2646 1501 2723 electus
1528 2646 1645 2723 fuerit
1665 2674 1673 2721 ι
1695 2646 1744 2722 ad

86 2763 195 2843 idem
224 2759 393 2840 officium
423 2759 515 2860 eligi
541 2758 663 2837 valeat
691 2760 731 2835 in
761 2782 865 2838 anno
894 2762 1155 2840 Detinitorum
1191 2763 1368 2862 proxime
1401 2762 1675 2862 subsequente.
1705 2760 1744 2837 Si

86 2901 179 2959 vero
199 2877 329 2954 medio
351 2885 527 2976 tempore
550 2875 774 2968 decesserit,
797 2877 857 2953 vel
878 2878 918 2952 in
947 2879 1122 2956 Priorem
1151 2878 1432 2955 Provincialem
1460 2877 1605 2955 electus
1632 2875 1747 2955 luerit

88 3007 126 3076 et
145 2992 423 3089 confirmatus3
448 2992 505 3068 vel
533 2991 668 3092 aliquo
693 2993 812 3070 modo
839 2992 958 3070 luerit
987 2994 1215 3095 impeditus,
1237 2994 1344 3096 quod
1369 2995 1501 3072 venire
1527 3015 1604 3070 non
1626 2991 1749 3092 possit

87 3112 136 3189 ad
168 3107 390 3209 Capitulum
426 3106 617 3186 Cenerale
647 3138 654 3184 :
692 3110 780 3208 ipso
800 3112 889 3210 jure
918 3112 1049 3189 socius
1076 3116 1160 3210 ejus
1184 3112 1269 3189 loco
1303 3112 1426 3211 ipsius
1456 3109 1647 3186 Definitor
1680 3108 1748 3183 ba·

89 3227 228 3305 beatur
243 3253 254 3317 ;
284 3223 356 3300 nisi
384 3231 477 3301 tunc
503 3227 752 3324 superveniat
781 3226 986 3318 Definitor‚
1018 3228 1191 3328 quinon
1220 3229 1397 3305 obstante
1427 3225 1663 3302 Detinitione
1690 3223 1747 3297 in·

90 3353 227 3442 coepta
246 3362 316 3440 per
333 3339 497 3436 socium,
519 3343 604 3440 ipse
623 3340 690 3418 illa
709 3342 791 3419 vice
810 3343 972 3420 deliniet
995 3373 1001 3419 :
1026 3354 1065 3421 et
1084 3345 1213 3422 socius
1233 3343 1340 3420 illius
1358 3343 1482 3420 cedat.
1699 3424 1701 3429 ,

140 3460 258 3558 Quod
275 3461 307 3538 si
327 3461 491 3540 alterurn
520 3461 697 3562 ipsorum
727 3463 957 3564 supradicto
984 3464 1103 3541 modo
1132 3464 1313 3563 impediri
1342 3461 1547 3562 contigerit
1570 3488 1577 3534 :
1599 3459 1747 3558 primus

94 3582 328 3673 Conventus,
354 3580 403 3657 ad
429 3602 546 3681 quem
572 3580 841 3677 declinaverit,
862 3593 1041 3660 teneatur
1067 3582 1101 3659 ei
1129 3581 1177 3659 de
1202 3579 1437 3680 competenti
1466 3579 1572 3656 socio
1599 3578 1750 3654 itineris

95 3695 309 3799 providere.
343 3696 515 3793 Fratres,
556 3696 624 3797 qui
657 3697 696 3772 in
734 3720 813 3776 uno
840 3720 945 3777 anno
980 3698 1093 3776 electi
1131 3707 1221 3775 sunt
1247 3699 1285 3772 in
1315 3696 1549 3775 Definitoves
1579 3693 1748 3792 Capituli

96 3810 374 3891 Provincialis:
397 3812 698 3912 sequentianno
718 3814 768 3891 ad
788 3815 892 3891 idern
913 3812 1084 3893 officium
1108 3836 1182 3891 non
1201 3813 1404 3915 eligantur.
1426 3811 1534 3891 ldem
1553 3810 1747 3888 dicimus:

95 3927 152 4007 De
170 3926 448 4007 Definitoribus
467 3928 638 4030 Capituli
658 3930 873 4009 Generalis.

287 4160 349 4239 De
384 4160 616 4261 Capitnlo
656 4167 985 4264 quotidiano:
1027 4175 1220 4247 rentum
1255 4164 1556 4266 Capitulum·

101 4394 502 4588 F1nn1sMatutinis,
536 4406 713 4477 teneatur
746 4402 987 4503 Capitulum,
1018 4402 1077 4480 vel
1106 4400 1316 4502 aliquando
1344 4410 1433 4501 post
1459 4400 1662 4486 Primam;
1692 4392 1750 4470 vel

177 4510 289 4591 etiam
312 4510 603 4610 intermittatur,
625 4538 674 4593 ne
700 4519 873 4597 studium
904 4519 1171 4621 impediatur:
1206 4518 1420 4596 secundum
1449 4516 1554 4617 quod
1579 4510 1752 4590 Praelato

99 4625 300 4705 videbitur.
331 4627 508 4726 lngresso
543 4629 747 4713 Conventu
783 4636 1041 4738 Capitulum;
1091 4639 1227 4716 Lector
1263 4635 1488 4738 pronuntiet
1516 4634 1676 4724 lunam,
1716 4636 1754 4704 et

100 4765 198 4845 quae
222 4740 270 4819 de
294 4741 523 4822 Calendario
549 4752 841 4846 pronuntianda
869 4766 958 4834 sunt
983 4786 989 4832 :
1020 4766 1059 4834 et
1077 4754 1267 4834 Sacerdos
1285 4760 1560 4856 prosequatur,
1580 4744 1754 4826 Pretiosa

102 4864 168 4953 cat,
199 4864 264 4935 etc.
298 4856 448 4936 Deinde
473 4861 738 4946 residentibus
768 4870 986 4969 Fratribus,
1020 4874 1157 4953 Lector
1190 4871 1419 4975 pronuntiet
1455 4866 1679 4948 lectionem
1705 4860 1754 4935 de

92 4971 462 5072 Constitutionibus,
492 4980 550 5055 vel
578 4979 627 5058 de
655 4983 867 5090 Evangelio
895 5014 969 5092 pro
997 5000 1188 5093 tempore,
1218 4990 1435 5094 praemisso
1465 4984 1559 5065 Jttlrc
1585 4980 1752 5065 damnet

103 5100 143 5170 et
169 5087 499 5170 llebdomndarius
527 5097 734 5202 subjungat
773 5104 1122 5189 Benedictionem:
1156 5106 1410 5210 neptunius
1441 5096 1672 5201 coeptante
1694 5087 1753 5169 Vel

104 5205 286 5285 Divinum
307 5206 501 5285 anartium
526 5235 598 5312 pro
615 5225 808 5320 tempore.
831 5226 878 5304 Et
896 5225 995 5306 iacta
1019 5228 1268 5309 absolutione
1287 5248 1359 5328 pro
1379 5214 1583 5303 Defunctis
1602 5240 1612 5291 ι
1632 5208 1752 5329 dicat,

101 5322 172 5427 qni
196 5328 296 5399 tenet
322 5320 555 5423 Capitulum,
580 5330 814 5420 Benedicite.
837 5340 884 5423 Et
910 5368 1104 5448 responso
1127 5346 1348 5426 Dominus:
1374 5338 1568 5443 inclinent
1601 5434 1604 5439 ¹
1633 5412 1638 5421 .

101 5434 252 5521 Deinde
269 5436 435 5516 recitatis
454 5440 665 5546 beneficiis,
687 5463 726 5531 et
750 5456 857 5540 dicto
877 5485 900 5541 a
924 5461 1060 5546 Priore
1087 5458 1492 5563 aeramentorum
1524 5442 1591 5488 '²²¹

100 5556 222 5638 etiam
239 5574 260 5628 a
283 5550 476 5636 Conventa
496 5560 663 5646 Psalmis
680 5572 744 5651 Ad
771 5585 805 5654 te
832 5579 973 5677 leno-oi,
989 5593 1027 5665 et
1044 5584 1100 5666 Dc
1124 5576 1338 5687 prolwndl'b
1356 5572 1424 5679 ΚΜ

156 5674 387 5730 umrvnotoa.
409 5680 516 5738 rann.
