3990 6082
805 502 807 506 Α
868 339 1130 448 tuosius
1726 360 1830 467 133

149 580 386 684 consule
407 580 674 684 lavantem
701 582 1010 717 pauperum
1033 579 1225 716 pedes;
1250 582 1546 717 pone'ntem
1567 609 1829 694 mensam,

149 759 361 860 aquam
406 725 661 826 manibus
712 723 1112 843 ellundantem,
1166 722 1556 858 languentibus
1605 720 1830 824 sollicite

154 870 557 977 ministrantem
584 902 594 970 :
620 885 674 969 et
694 871 873 970 cetera
894 869 1113 1005 pietatis
1128 861 1310 970 officia
1333 867 1702 970 exhibentem.
1720 863 1826 986 Qui

154 1011 513 1149 postmodum
536 1009 681 1114 subl
690 1013 875 1114 uliano
891 1010 1154 1150 Apostata
1169 1009 1586 1148 indeexptilsuS‚
1602 1009 1830 1112 Alexan·

154 1154 333 1258 driam
369 1157 629 1294 perrexit3
661 1155 757 1257 ubi
795 1190 981 1257 cuma
1009 1154 1292 1258 Rauciano
1309 1153 1499 1290 judice
1526 1150 1829 1256 sacrificare

154 1302 444 1436 cogeretur
489 1319 543 1403 et
587 1303 963 1402 contemneret
1004 1330 1014 1399 :
1065 1303 1351 1436 percussus
1396 1297 1576 1434 gladio
1625 1294 1828 1400 Christi

154 1463 366 1582 martyr
386 1442 614 1548 effectus
635 1463 728 1547 est.
752 1427 1000 1582 Sibapoli
1023 1444 1081 1542 in
1109 1441 1263 1580 Syria
1287 1478 1296 1547 :
1320 1462 1522 1545 sanctae
1544 1441 1582 1542 F
1587 1441 1829 1544 ebroniae

156 1590 377 1722 virginis
415 1607 468 1692 et
513 1586 779 1726 martyris.
823 1586 963 1708 Quae
998 1588 1055 1688 in
1083 1587 1464 1724 persecutione
1508 1584 1826 1689 Diocletiani

152 1733 263 1835 sub
302 1732 629 1870 Lysimacho
656 1730 889 1867 praeside
911 1732 984 1831 ob
1004 1728 1172 1834 fidem
1195 1749 1248 1835 et
1269 1730 1591 1869 pudicitiam
1615 1729 1828 1833 servan·

154 1876 304 1992 dam,
358 1878 538 2013 primo
581 1877 741 2008 virgis
786 1908 939 1992 caesa,
995 1893 1049 1976 et
1099 1875 1336 2009 equdleo
1383 1893 1524 1976 torta
1570 1908 1580 1978 :
1630 1870 1829 1976 deinde

154 2020 468 2159 pectinibus
487 2020 704 2138 laniata,
722 2038 891 2156 atque
908 2018 1034 2153 igne
1054 2023 1334 2139 succensa;
1350 2017 1577 2121 demum
1597 2017 1829 2121 excussis

154 2162 836 2298 dentibus,'1nammisque
875 2163 1137 2281 abscissis,
1180 2164 1372 2301 capitis
1412 2161 1711 2264 damnata:
1748 2179 1829 2261 tot

154 2306 474 2446 passionum
514 2309 705 2409 ornata
744 2308 1085 2422 monilibus,
1133 2307 1384 2442 migravit
1425 2306 1494 2408 ad
1534 2303 1826 2442 Sponsum.

151 2450 326 2588 Apud
373 2451 645 2588 Rhegium
692 2483 701 2550 :
751 2452 921 2552 sancti
965 2448 1206 2586 Prosperi
1259 2449 1540 2585 Aquitani,
1586 2447 1825 2584 ejusdem

154 2595 310 2697 urbis
360 2593 635 2732 Episcopi,
688 2593 1001 2697 eruditione
1049 2627 1113 2696 ac
1164 2596 1366 2732 pietate
1420 2594 1673 2727 insigniS,
1731 2594 1827 2727 qui

149 2737 415 2842 adversus
442 2739 756 2872 Pelagianos
784 2773 884 2875 pro
905 2735 1018 2840 lide
1039 2735 1322 2841 Catholica
1343 2741 1563 2840 strenue
1584 2735 1831 2840 decerta-

148 2883 247 2982 vit.
275 2883 544 2984 Taurini:
579 2882 769 2984 natalis
795 2883 968 2989 sancti
1000 2881 1223 2984 Maximi
1249 2880 1508 3108 Episcopi
1536 2898 1591 2984 et
1617 2879 1828 2985 conses-

147 3025 307 3144 soris,
347 3025 597 3129 doctrina
641 3045 695 3130 et
733 3028 1022 3129 sanctitate
1064 3027 1418 3130 celeberrimi.
1483 3061 1521 3126 u
1558 3024 1831 3126 territorio

146 3168 345 3274 Gule'ti
392 3204 566 3310 prope
610 3169 856 3273 Nuscum
899 3201 909 3268 :
951 3171 1124 3273 sancti
1177 3170 1435 3273 Gulielmi
1491 3167 1829 3286 confessoris,

147 3313 326 3415 Patris
352 3311 719 3430 Eremitarum
749 3313 951 3416 Montis
980 3309 1231 3448 Virginis.
1256 3311 1328 3453 ›1‹

546 3523 710 3624 Sexto
731 3521 1001 3625 Kalendas
1021 3523 1049 3622 J
1056 3524 1148 3623 tilii
1175 3554 1185 3623 :
1216 3522 1372 3625 Luna
1785 3517 1847 3622 Β1

138 3716 1707 3854 abcdcfghiklmnpqrst
1789 3732 1823 3795 tt

143 3868 1831 3951 l2345st8910111213141516171819

143 3973 1824 4102 ABCDEFFoHnnr

143 4141 1831 4224 wttmtsmtstltstoerssts

146 4322 367 4542 Rosia
393 4298 451 4398 in
479 4316 667 4399 monte
693 4294 863 4399 Coelio
892 4330 902 4397 :
932 4300 1248 4404 sanctorum
1278 4303 1583 4440 martyrum
1604 4289 1938 4403 loannis¹³³⁹¹2

283 4459 334 4543 et
365 4441 513 4543 Pauli
544 4439 791 4543 fratrum.
821 4440 1077 4563 Quorum
1116 4444 1327 4584 primus
1352 4463 1466 4548 crat
1504 4445 1830 4583 praepositus

148 4585 373 4704 domus,
405 4585 683 4688 secundus
716 4587 1064 4722 primicerius
1090 4586 1430 4692 Constantia
1456 4590 1676 4724 virginis
1702 4585 1829 4689 liliae

146 4725 500 4832 Constantini
555 4729 902 4866 imperatoris
964 4764 974 4832 :
1035 4734 1132 4867 qui
1197 4735 1385 4872 postca
1443 4734 1548 4836 sub
1610 4731 1829 4834 iuliano

149 4871 419 5010 Apostata
445 4873 693 5011 martyrii
716 4873 955 5010 palmam
976 4876 1155 5009 gladio
1176 4877 1421 4985 caedente
1444 4882 1824 5014 perceperunt.

144 5031 370 5133 Festum
398 5032 649 5170 Simplex.
679 5017 851 5154 Apud
881 5015 1249 5123 Tridentum:
1280 5022 1451 5123 sancti
1485 5019 1662 5154 Vigilii
1692 5018 1823 5156 Epi·

148 5160 320 5298 scopi.
361 5157 471 5282 Qui
513 5197 642 5264 cum
665 5161 920 5295 reliquias
945 5162 1266 5266 idololatriae
1287 5166 1508 5302 penitus
1530 5164 1827 5302 exstirpare

149 5305 461 5425 conaretur,
492 5341 521 5407 a
548 5307 674 5410 seris
695 5324 749 5406 et
769 5306 1015 5409 barbaris
1037 5308 1358 5409 hominibus
1379 5306 1625 5444 lapidum
1649 5304 1826 5411 imbre

148 5451 477 5590 percussus:
526 5484 626 5591 pro
670 5446 874 5551 Christi
921 5453 1144 5557 nomine
1194 5451 1517 5592 martyrium
1560 5453 1821 5591 implevit.

1942 4288 1973 4353 o.
