3990 6082
154 348 203 426 30
548 359 647 440 hisu.
677 362 730 441 11.
758 364 813 441 De
837 365 1017 443 electione
1043 367 1224 468 Megetis
1250 361 1426 441 Omittit.

218 634 283 712 De
311 638 560 718 electione
602 640 847 744 Magistri
883 647 1128 726 Ordinis:
1155 654 1396 747 quartam
1437 641 1759 743 Capitolium.

215 890 397 964 ruruuuvs,
427 881 469 949 ut
495 873 528 949 si
555 885 645 953 ante
672 878 812 956 festum
840 876 962 954 sancti
992 877 1209 972 Michaelis,
1230 876 1289 954 vel
1308 876 1347 951 in
1371 875 1460 973 ipso
1479 872 1579 950 festu
1596 871 1816 967 Magistrum

232 982 396 1059 Ordinis
423 988 521 1064 mori
550 989 608 1064 vel
635 991 808 1070 amoveri
837 991 1071 1091 contigerit;
1104 992 1217 1069 Prior
1250 987 1540 1082 Conventualis,
1570 984 1632 1064 vel
1669 986 1817 1064 Prorin·

155 1095 280 1193 cialis,
314 1100 381 1196 qui
414 1105 679 1204 propinquior
705 1105 764 1182 illi
793 1106 880 1183 loco
912 1106 1116 1201 exstiterit,
1142 1106 1211 1184 ubi
1239 1105 1423 1203 Magister
1448 1100 1697 1179 decesserit:
1723 1102 1817 1179 Pari·

155 1216 276 1294 siensi
311 1219 371 1296 vel
400 1221 642 1301 Bononiensi
666 1225 898 1322 Conventui,
928 1225 1004 1302 sihi
1033 1226 1216 1305 videlicet
1242 1223 1534 1326 propinquiori,
1554 1244 1648 1300 oum
1666 1221 1817 1300 festina·

152 1333 262 1411 tione
297 1332 513 1415 denuntiet.
534 1338 726 1418 alteruter
752 1350 882 1418 autem
910 1341 1077 1419 istorum
1109 1341 1279 1420 duorum
1306 1341 1593 1431 conventuum,
1611 1337 1678 1414 cui
1697 1337 1818 1437 primo

153 1448 426 1528 denuntiatum
454 1451 593 1531 luerit:
627 1464 804 1533 teneatur
838 1456 1022 1534 similiter
1050 1457 1215 1556 reliquis
1250 1454 1444 1534 nuntiare.
1472 1452 1707 1532 parisiensis
1729 1451 1818 1530 Con·

154 1573 292 1641 ventus
325 1563 640 1647 Provincialihus
672 1570 895 1671 Hispaniae,
925 1574 1156 1652 Provinciae
1186 1572 1413 1666 Tolosanae‚
1448 1569 1625 1670 angliae,
1655 1568 1816 1663 Scotiae,

157 1680 412 1772 Thentoniae‚
442 1683 594 1781 Daciae,
620 1687 849 1787 Aragoniae,
883 1689 1111 1767 Provinciae
1134 1688 1377 1783 Provinciae,
1406 1683 1672 1786 Portugalliae
1701 1683 1818 1762 Baeti·

156 1818 236 1888 cae,
266 1804 303 1873 et
337 1796 570 1877 Germaniae
598 1802 810 1898 inferioris,
841 1804 1008 1882 Sanctae
1043 1806 1194 1901 Crucis,
1226 1804 1452 1898 Hiberniae,
1491 1799 1626 1880 Sancti
1662 1797 1818 1878 Ioannis

159 1910 367 2010 Baptistae,
389 1912 521 1991 Sancti
546 1915 696 2011 Jacobi,
716 1917 847 1997 Sancti
878 1919 1089 2015 vincentii,
1110 1930 1147 1997 et
1171 1920 1303 1998 Sancti
1322 1917 1509 1997 Antonini
1528 1945 1539 2007 ;
1562 1912 1818 1994 Bononiensis

157 2048 274 2103 vero:
307 2027 536 2127 Hungariae,
571 2032 768 2110 Romanae
802 2035 1045 2131 Provinciae,
1084 2035 1207 2136 Regni
1240 2034 1411 2126 Siciliae,
1456 2031 1658 2126 Poloniae,
1690 2028 1819 2108 Terrae

158 2140 335 2236 Sanctae,
366 2142 563 2241 Graeciae,
596 2149 819 2243 Bohemiae,
851 2150 1085 2246 Dalmatiae,
1124 2149 1394 2244 lombardiae,
1439 2146 1649 2240 Saxoniue,
1693 2144 1819 2221 Trina·

157 2259 274 2353 criae,
296 2257 426 2337 Sancti
453 2259 640 2356 Thomas,
664 2272 702 2340 et
730 2264 935 2343 Calabriae
960 2274 1169 2344 teneantur
1198 2265 1433 2366 quantocius
1452 2263 1649 2340 intimare.
1672 2258 1715 2339 Si
1736 2277 1818 2337 vero

161 2385 249 2472 post
275 2374 423 2451 dictum
447 2376 588 2454 festum
615 2379 840 2474 decesserit,
870 2381 928 2458 vel
959 2391 1114 2459 amotus
1142 2382 1284 2471 inerit;
1308 2381 1432 2480 ipsius
1450 2378 1585 2457 obitus
1601 2376 1662 2453 vel
1683 2374 1818 2452 amotio

161 2487 420 2567 nihilominus
456 2494 685 2571 nuntietur:
721 2505 762 2573 ut
793 2497 1094 2595 supersedeatur
1126 2497 1196 2574 illo
1228 2518 1332 2575 anno
1364 2518 1386 2573 a
1416 2491 1597 2593 Capitulo
1632 2488 1815 2569 Generali.

208 2605 364 2682 Mortuo
384 2606 502 2704 igitur
521 2609 722 2706 Magistro,
741 2611 802 2689 vel
822 2620 956 2689 amoto
974 2634 996 2689 a
1015 2612 1242 2712 Magisterio
1264 2641 1272 2687 :
1300 2610 1415 2688 Prior
1441 2603 1703 2686 Provincialis
1725 2604 1817 2680 illius

160 2719 401 2815 Provinciae,
424 2721 491 2799 uhi
520 2746 689 2824 sequeus
717 2727 939 2825 Capitulum
968 2727 1087 2804 luerit
1112 2726 1407 2819 celebrandum,
1430 2725 1533 2802 vices
1561 2719 1737 2823 Magistri
1754 2717 1816 2797 0r·

160 2834 266 2912 dinis
285 2836 325 2910 in
346 2837 532 2916 omnihus
551 2840 741 2936 obtineat,
761 2864 968 2942 quousque
988 2844 1171 2942 Magister
1189 2841 1353 2920 Ordinis
1377 2840 1428 2917 sit
1450 2839 1598 2916 electus
1616 2865 1628 2928 3
1659 2832 1815 2934 exceptis

158 2950 476 3030 ahsolutionihus
503 2954 685 3033 Priorum
716 2957 1034 3054 Provincialium‚
1076 2970 1115 3035 et
1150 2958 1332 3036 Priorum
1363 2951 1695 3034 Conventualium
1736 2948 1814 3026 aliu·

154 3089 242 3144 rum
277 3069 585 3162 Provinciarum,
611 3079 649 3148 et
675 3074 849 3173 exceptis
878 3074 1405 3152 translationibusFratrum
1434 3071 1483 3148 de
1509 3090 1590 3146 una
1621 3063 1812 3145 Provincia

152 3182 198 3257 ad
229 3182 360 3279 aliam,
392 3184 441 3262 de
473 3186 619 3284 quihus
652 3210 693 3264 se
725 3187 951 3266 nullatenus
983 3188 1250 3266 intromittat:
1282 3188 1357 3265 nisi
1383 3187 1484 3266 forte
1510 3182 1660 3283 aliquis
1680 3181 1809 3270 Frater,

153 3320 231 3376 non
260 3299 372 3376 Prior
405 3300 660 3378 Provincialis
696 3305 901 3400 exsistens,
929 3325 1001 3404 pro
1040 3303 1350 3381 Provincialatus
1388 3300 1519 3380 officio
1553 3306 1761 3399 peteretur.
1781 3288 1809 3366 Si

152 3423 281 3491 autem
315 3415 383 3490 illa
414 3415 618 3493 Provincia
646 3427 740 3495 tunc
768 3420 945 3498 Priorem
984 3420 1271 3497 Provincialem
1307 3440 1384 3497 oon
1415 3415 1611 3501 hahuerit,
1640 3410 1700 3491 vel
1726 3406 1808 3485 infru

153 3538 307 3628 tempus
337 3531 515 3607 vicariae
548 3554 639 3609 suae
668 3556 757 3610 eum
782 3536 883 3612 mori
905 3535 962 3612 vel
981 3536 1156 3613 amoveri
1176 3534 1413 3634 contigerit;
1435 3532 1550 3610 Prior
1570 3520 1807 3607 Provincialis

151 3645 259 3720 illius
298 3644 539 3742 Provinciae,
569 3648 637 3724 uhi
673 3649 905 3728 immediate
943 3649 1182 3750 praecedens
1220 3647 1411 3728 Generale
1446 3645 1672 3745 Capitulum
1704 3640 1807 3717 fuerat

151 3758 409 3855 celebratum,
438 3761 540 3839 vices
583 3762 761 3842 obtineat
795 3765 1065 3865 supradictas:
1106 3777 1143 3842 et
1178 3766 1234 3842 sic
1271 3764 1461 3862 deinceps
1507 3753 1804 3842 retrocedendo,

151 3876 278 3951 donec
306 3877 345 3951 in
374 3877 504 3977 aliqua
533 3878 829 3957 Provinciarum
859 3881 1083 3958 istomodo
1115 3881 1237 3958 valeat
1265 3879 1441 3957 Vicarius
1466 3875 1654 3954 inveniri.

205 3991 417 4090 Postquam
448 4016 538 4071 vero
565 3995 632 4071 illa
662 3998 877 4090 Provincia,
914 3997 955 4071 in
992 4019 1068 4096 qua
1103 3997 1220 4073 luerit
1246 3993 1438 4075 Generale
1472 3991 1701 4092 Capitulum
1729 3981 1807 4062 cele

154 4107 361 4200 iurandum,
390 4108 563 4185 Priorem
594 4111 878 4188 Provincialem
915 4111 1098 4189 hahuerit
1128 4112 1431 4189 confirmatum:
1468 4109 1553 4209 ipse
1582 4105 1699 4183 Prior
1729 4100 1803 4179 Pro·

150 4221 332 4300 vincialis
366 4224 467 4299 vices
496 4224 670 4302 obtineat
711 4226 971 4326 supradictas.
1012 4227 1166 4304 Priores
1202 4238 1332 4304 autem
1367 4221 1637 4303 Provinciales
1669 4214 1807 4334 triginta

154 4338 271 4414 uvrius
295 4340 598 4426 Provinciarum,
617 4341 758 4439 singuli
785 4365 874 4418 cum
900 4341 1057 4419 duobus
1085 4341 1287 4419 Fratribus
1314 4342 1355 4417 in
1385 4337 1567 4439 Capitulo
1593 4322 1807 4413 Provincialt

157 4453 291 4530 electis
326 4478 347 4530 a
383 4455 564 4555 pluribus
600 4456 810 4533 medietate
845 4457 1025 4534 omniurn
1053 4457 1311 4555 eligentium:
1343 4456 1394 4533 ad
1421 4451 1651 4553 Capitulum
1673 4444 1809 4526 veniant

160 4569 364 4646 Generale.
387 4569 425 4646 Si
462 4581 591 4648 autern
627 4573 664 4645 in
699 4571 829 4671 aliqua
856 4571 1058 4649 Provincia
1093 4571 1334 4649 Provinciale
1353 4569 1578 4670 Capitulum
1596 4556 1808 4644 fueritcule

160 4683 313 4760 brutum
335 4714 344 4775 ;
376 4697 412 4762 et
449 4686 487 4760 in
519 4686 701 4785 proximo
729 4687 826 4764 l'esto
855 4687 1102 4764 Pentecostes
1125 4686 1263 4764 electio
1285 4686 1456 4786 Magistri
1476 4683 1595 4762 luerit
1621 4672 1806 4759 facienda:

159 4797 353 4877 Definitor
385 4801 556 4901 Capituli
584 4801 788 4879 Generalis
820 4802 859 4876 in
891 4823 994 4878 anno
1031 4802 1305 4895 llelinitorum,
1327 4813 1366 4879 et
1390 4801 1521 4879 socius
1546 4799 1632 4897 ejus
1656 4784 1806 4872 siutillo

159 4941 265 4996 anno
295 4921 469 5022 Magistri
506 4920 669 4997 Ordinis
693 4921 895 5000 electores.
918 4922 961 4997 ln
993 4944 1098 4999 anno
1128 4931 1259 5000 autern
1288 4922 1471 4999 Priorum
1503 4914 1806 4997 Prouincialium,

157 5035 216 5113 vel
250 5041 409 5135 quando
437 5037 582 5113 exalia
617 5060 866 5139 quacumque
899 5059 1015 5114 causa
1053 5038 1258 5134 Definitor,
1285 5046 1323 5115 et.
1359 5037 1504 5131 socius,
1544 5034 1606 5110 vel
1638 5032 1810 5110 electores

157 5152 344 5252 praedicti
379 5175 456 5230 nun
491 5152 638 5229 luerint
669 5153 809 5239 electi;
840 5175 965 5254 neque
1002 5163 1185 5252 suppetat
1211 5164 1366 5255 tempus
1385 5163 1429 5231 ut
1454 5150 1651 5251 eligantur
1666 5152 1812 5248 propter

158 5272 451 5373 quodcumque,
481 5272 632 5368 judicio
663 5271 941 5367 discretorum,
972 5273 1192 5371 legitimum
1224 5274 1588 5373 impedimentum:
1625 5279 1721 5346 tunc
1748 5263 1813 5339 duo

29 5459 32 5464 .
158 5387 208 5464 de
229 5389 510 5466 Oelinitorihus
530 5388 758 5465 immediate
777 5388 1049 5489 praecedentis
1069 5389 1241 5487 Capituli
1263 5386 1532 5480 Provincialis,
1553 5384 1626 5485 qui
1644 5380 1816 5484 primitus

159 5504 334 5582 habitum
355 5506 477 5582 nostri
501 5504 659 5580 Ordinis
681 5514 949 5604 susceperunt,
970 5503 1035 5602 qui
1058 5513 1152 5580 tunc
1171 5506 1399 5603 superstites
1421 5500 1579 5594 luerint,
1602 5500 1656 5576 ad
1674 5497 1817 5577 electio·
