3990 6082
57 129 292 254 propter
319 107 707 247 Ortbodoxam
736 107 902 213 tidem
931 113 984 211 in
1015 115 1228 215 carcere
1267 111 1361 212 diu
1392 114 1735 213 maceratus:

58 261 230 360 vitam
256 253 447 355 tinivit.
476 242 754 354 Dorostori
780 255 835 354 in
860 253 1064 394 Mysia:
1095 255 1270 394 passio
1295 255 1439 356 beati
1459 253 1604 357 Joiii.
1628 253 1739 376 Qui

60 406 314 537 tompore
336 395 631 500 Alexandri
654 398 1016 535 imperatoris,
1045 434 1174 503 cnm
1199 415 1335 502 esset
1373 400 1660 501 veteranus
1687 416 1740 502 ct

63 544 307 649 cmoritae
332 541 563 642 miiitiae:
589 545 1020 678 comprehensus
1040 546 1111 645 ab
1131 539 1476 659 officialibus,
1500 541 1738 671 Maximo

63 685 286 828 praesidi
310 683 558 787 oiie'rtnr.
583 680 709 806 Quo
740 691 1003 821 praesente
1028 721 1156 792 cum
1182 684 1328 786 idola
1349 691 1732 807 exsecraretur,

63 854 118 933 et
157 829 362 932 Christi
405 862 607 930 nomen
646 832 1080 934 constantissime
1106 827 1493 934 confiteretur:
1519 830 1736 966 capitali

64 973 337 1080 sententia
378 974 606 1110 punitus
637 991 730 1073 est.
758 964 925 1111 apud
967 974 1153 1078 Soram
1180 1007 1190 1076 :
1216 991 1419 1077 sanctae
1456 971 1741 1076 Restitotae

68 1118 291 1254 virginis
309 1136 362 1219 et
389 1117 655 1256 martyris.
681 1114 820 1237 Quae
859 1119 964 1220 sub
1004 1118 1301 1221 Aureliano
1334 1118 1661 1254 imperatore
1688 1132 1743 1220 et

68 1256 804 1398 Agatbioproconsuie,fidei
825 1265 1122 1365 certamine
1141 1260 1742 1399 suscepto,daemonum

67 1410 322 1545 impetus
342 1407 630 1541 pare'ntum
660 1403 967 1522 blanditias,
997 1428 1050 1510 et
1077 1407 1346 1509 tortorum
1368 1405 1625 1508 saevitiam
1648 1397 1742 1507 su·

71 1549 312 1689 peravit:
340 1546 582 1682 denique
622 1581 750 1650 cum
778 1550 893 1652 aliis
920 1548 1244 1654 Christianis
1266 1551 1443 1688 eapite
1471 1550 1741 1668 truncata,

72 1694 333 1833 martyrio
355 1691 609 1795 decorata
624 1710 718 1794 est.
749 1690 1021 1798 Arausicae
1040 1698 1096 1796 in
1117 1693 1327 1797 Galliis:
1352 1695 1524 1797 sancti
1547 1692 1745 1797 Eutro-

69 1840 146 1977 pii
177 1837 452 1975 Episcopi,
482 1836 777 1939 virtutibus
797 1855 965 1974 atque
992 1841 1269 1941 miraculis
1289 1838 1526 1942 iliostris.
1544 1831 1744 1940 Fodem

67 1978 164 2085 die
187 1979 497 2121 :depositio
536 1982 857 2084 venerabilis
900 1980 1060 2105 Bedae
1106 1983 1424 2122 Presbyteri,
1460 1982 1746 2086 sanctitate

63 2142 122 2229 et
151 2124 464 2227 eruditione
485 2125 841 2228 celeberrimi.

458 2310 667 2429 Quinto
688 2319 960 2423 Kalandas
986 2320 1136 2423 ionii
1160 2351 1172 2424 :
1197 2321 1351 2422 Luna
1698 2317 1771 2421 Ar

60 2516 448 2619 abcde
515 2523 865 2655 sgnik
949 2532 960 2625 Ι
1030 2564 1085 2628 m
1144 2564 1267 2664 np
1331 2565 1367 2663 q
1444 2563 1553 2631 rs
1636 2551 1654 2627 t
1715 2566 1749 2630 n

57 2681 1753 2766 123456789210111213141516171819

59 2796 115 2895 A
226 2792 265 2889 B
373 2793 414 2895 C
522 2798 564 2898 t)
671 2800 716 2901 b]
820 2809 860 2911 F
979 2804 1020 2904 F
1112 2805 1158 2906 G
1260 2805 1309 2905 Η,
1407 2807 1453 2905 tl
1555 2806 1596 2907 N
1713 2809 1750 2907 P

53 2959 116 3039 20
222 2957 1751 3047 2122232425252627282930

63 3150 441 3373 Faunorum:
487 3124 658 3227 beata:
700 3127 882 3230 Mariae
921 3123 1336 3230 Bartholomaeae
1374 3129 1442 3231 de
1478 3126 1819 3265 Bagnesiisn
1847 3154 1902 3218 n

194 3266 414 3400 virginis
451 3264 620 3371 Te‘rtii
650 3267 876 3375 Ordinis
895 3273 1066 3375 sancti
1102 3271 1385 3376 Dominici.
1416 3272 1555 3395 Quae
1592 3274 1751 3375 variis

58 3444 140 3515 ac
161 3408 1031 3543 diutoruiscruciatibustentata:
1050 3414 1536 3555 crucifixoSponso
1551 3421 1752 3520 meruit

61 3551 425 3660 conformari.
464 3540 683 3644 Festum
726 3546 955 3685 Duplex.
1000 3550 1061 3661 ln
1100 3559 1387 3664 Sardinia:
1435 3560 1751 3665 sauctorum

66 3699 384 3835 martyrum
424 3697 637 3822 AEmilii,
678 3701 883 3824 Felicis,
915 3705 1131 3826 Priami,
1155 3723 1209 3808 et
1248 3704 1494 3835 Luciani,
1521 3707 1618 3842 qui
1652 3740 1752 3845 pro

66 3841 300 3945 Christo
320 3844 601 3967 certantes
617 3849 863 3950 coronati
889 3870 1034 3951 sunt.
1053 3839 1276 3953 Carnoti
1290 3852 1348 3952 in
1361 3850 1557 3954 Gallia:
1577 3853 1748 3954 sancti

69 3985 319 4089 Carauni
336 3987 602 4127 martyris,
624 3993 722 4126 qui
743 3994 849 4094 snb
876 3992 1187 4096 Domitiano
1207 3993 1554 4132 imperatore,
1571 3996 1630 4098 ca
1638 3997 1749 4133 pite

71 4129 383 4266 amputato,
406 4135 730 4272 martyrium
751 4140 1002 4275 sumpsit.
1027 4128 1273 4241 (brinthi
1298 4171 1308 4241 :
1336 4157 1536 4242 sancta·
1559 4137 1752 4244 Heico·

76 4271 225 4376 nidis
250 4272 514 4414 martyris.
544 4273 684 4399 Quae
709 4282 954 4418 primum
976 4281 1262 4386 Gordiano
1286 4284 1618 4423 imperatore
1643 4285 1748 4385 sub

80 4416 346 4520 Perennio
384 4418 612 4558 praeside
653 4427 836 4528 multis
862 4429 1149 4531 tormentis
1169 4428 1398 4532 afflicta:
1423 4426 1622 4532 deiude
1645 4429 1750 4530 sub

72 4561 293 4665 Justino
318 4561 431 4696 ejus
457 4569 765 4674 successore
802 4572 1005 4675 iterum
1032 4574 1291 4695 cruciata,
1324 4572 1417 4677 sed
1444 4573 1515 4674 ab
1541 4570 1749 4709 Angelo

75 4704 340 4823 liberata:
381 4704 606 4811 demum
651 4713 893 4820 dissectis
940 4719 1208 4839 mammis,
1243 4718 1476 4854 ferisque
1513 4716 1747 4853 objecta,

73 4866 249 4983 atquc
287 4849 409 4984 igue
448 4856 709 4990 probata:
739 4862 933 4998 capitis
954 4863 1382 4964 obtruncatione
1421 4863 1750 5000 martyrium

77 4991 391 5131 complevit.
420 4979 591 5100 bem:
625 5005 803 5142 passio
827 5006 1148 5111 sanctorum
1174 5006 1496 5126 Crescentis,
1527 5003 1752 5109 Diosco-
