<?xml version="1.0" encoding="UTF-8"?>
<!DOCTYPE html PUBLIC "-//W3C//DTD XHTML 1.0 Transitional//EN"
    "http://www.w3.org/TR/xhtml1/DTD/xhtml1-transitional.dtd">
<html xmlns="http://www.w3.org/1999/xhtml" xml:lang="en" lang="en">
 <head>
  <title>
</title>
<meta http-equiv="Content-Type" content="text/html;charset=utf-8" />
  <meta name='ocr-system' content='tesseract 3.04.00' />
  <meta name='ocr-capabilities' content='ocr_page ocr_carea ocr_par ocr_line ocrx_word'/>
</head>
<body>
  <div class='ocr_page' id='page_1' title='image "./martyrologiumsa00domigoog_0357.png"; bbox 0 0 3990 6082; ppageno 0'>
   <div class='ocr_carea' id='block_1_1' title="bbox 162 370 1245 489">
    <p class='ocr_par' dir='ltr' id='par_1_1' title="bbox 162 370 1245 489">
     <span class='ocr_line' id='line_1_1' title="bbox 162 370 1245 489; baseline -0.005 -27"><span class='ocrx_word' id='word_1_1' title='bbox 162 370 210 450; x_wconf 74' lang='lat'><strong>¹4</strong></span> <span class='ocrx_word' id='word_1_2' title='bbox 741 383 838 463; x_wconf 77' lang='lat' dir='ltr'><strong>llivt.</strong></span> <span class='ocrx_word' id='word_1_3' title='bbox 861 385 892 461; x_wconf 88' lang='lat' dir='ltr'><strong>l.</strong></span> <span class='ocrx_word' id='word_1_4' title='bbox 919 386 973 462; x_wconf 85' lang='lat' dir='ltr'><strong>Oe</strong></span> <span class='ocrx_word' id='word_1_5' title='bbox 991 383 1245 489; x_wconf 75' lang='lat' dir='ltr'><strong>Rutpteudu.</strong></span> 
     </span>
    </p>
   </div>
   <div class='ocr_carea' id='block_1_2' title="bbox 152 525 1822 2251">
    <p class='ocr_par' dir='ltr' id='par_1_2' title="bbox 156 525 1822 1536">
     <span class='ocr_line' id='line_1_2' title="bbox 158 525 1820 632; baseline 0.004 -31"><span class='ocrx_word' id='word_1_6' title='bbox 158 525 277 603; x_wconf 89' lang='lat' dir='ltr'><strong>etium</strong></span> <span class='ocrx_word' id='word_1_7' title='bbox 311 527 484 632; x_wconf 78' lang='lat' dir='ltr'><strong>Magistri</strong></span> <span class='ocrx_word' id='word_1_8' title='bbox 515 530 703 629; x_wconf 81' lang='lat' dir='ltr'>Ordinis,</span> <span class='ocrx_word' id='word_1_9' title='bbox 739 542 778 612; x_wconf 92' lang='lat' dir='ltr'><strong>et</strong></span> <span class='ocrx_word' id='word_1_10' title='bbox 811 533 977 614; x_wconf 92' lang='lat' dir='ltr'><strong>Ministri</strong></span> <span class='ocrx_word' id='word_1_11' title='bbox 1015 535 1220 615; x_wconf 82' lang='lat' dir='ltr'>Generalis</span> <span class='ocrx_word' id='word_1_12' title='bbox 1261 531 1429 613; x_wconf 82' lang='lat' dir='ltr'><strong>Ordinis</strong></span> <span class='ocrx_word' id='word_1_13' title='bbox 1463 532 1668 610; x_wconf 91' lang='lat' dir='ltr'><strong>Minorum</strong></span> <span class='ocrx_word' id='word_1_14' title='bbox 1703 558 1711 606; x_wconf 91' lang='lat'><strong>:</strong></span> <span class='ocrx_word' id='word_1_15' title='bbox 1741 553 1820 609; x_wconf 92' lang='lat' dir='ltr'><strong>cum</strong></span> 
     </span>
     <span class='ocr_line' id='line_1_3' title="bbox 156 642 1822 744; baseline 0.005 -27"><span class='ocrx_word' id='word_1_16' title='bbox 156 642 366 742; x_wconf 86' lang='lat' dir='ltr'><strong>contigerit</strong></span> <span class='ocrx_word' id='word_1_17' title='bbox 392 667 464 724; x_wconf 90' lang='lat' dir='ltr'><strong>nos</strong></span> <span class='ocrx_word' id='word_1_18' title='bbox 490 670 579 725; x_wconf 92' lang='lat' dir='ltr'><strong>cum</strong></span> <span class='ocrx_word' id='word_1_19' title='bbox 606 649 663 726; x_wconf 91' lang='lat' dir='ltr'><strong>eis</strong></span> <span class='ocrx_word' id='word_1_20' title='bbox 688 650 909 730; x_wconf 82' lang='lat' dir='ltr'><strong>comedere.</strong></span> <span class='ocrx_word' id='word_1_21' title='bbox 942 652 1056 730; x_wconf 82' lang='lat' dir='ltr'><strong>Prior</strong></span> <span class='ocrx_word' id='word_1_22' title='bbox 1083 662 1214 730; x_wconf 91' lang='lat' dir='ltr'><strong>autem</strong></span> <span class='ocrx_word' id='word_1_23' title='bbox 1251 648 1519 744; x_wconf 91' lang='lat' dir='ltr'><strong>Provincialis,</strong></span> <span class='ocrx_word' id='word_1_24' title='bbox 1553 647 1719 726; x_wconf 90' lang='lat' dir='ltr'><strong>absente</strong></span> <span class='ocrx_word' id='word_1_25' title='bbox 1748 648 1822 726; x_wconf 90' lang='lat' dir='ltr'><strong>Ma·</strong></span> 
     </span>
     <span class='ocr_line' id='line_1_4' title="bbox 156 757 1818 863; baseline 0.004 -29"><span class='ocrx_word' id='word_1_26' title='bbox 156 757 279 858; x_wconf 92' lang='lat' dir='ltr'><strong>gistro</strong></span> <span class='ocrx_word' id='word_1_27' title='bbox 299 758 475 855; x_wconf 89' lang='lat' dir='ltr'><strong>Ordinis,</strong></span> <span class='ocrx_word' id='word_1_28' title='bbox 503 765 706 844; x_wconf 80' lang='lat' dir='ltr'><strong>Fratribus</strong></span> <span class='ocrx_word' id='word_1_29' title='bbox 730 788 863 844; x_wconf 89' lang='lat' dir='ltr'><strong>secum</strong></span> <span class='ocrx_word' id='word_1_30' title='bbox 891 767 1205 863; x_wconf 82' lang='lat' dir='ltr'><strong>comedentibus,</strong></span> <span class='ocrx_word' id='word_1_31' title='bbox 1226 767 1266 842; x_wconf 92' lang='lat' dir='ltr'><strong>in</strong></span> <span class='ocrx_word' id='word_1_32' title='bbox 1286 789 1356 844; x_wconf 92' lang='lat' dir='ltr'><strong>sua</strong></span> <span class='ocrx_word' id='word_1_33' title='bbox 1378 766 1583 844; x_wconf 80' lang='lat' dir='ltr'><strong>dumtaxat</strong></span> <span class='ocrx_word' id='word_1_34' title='bbox 1609 763 1818 858; x_wconf 81' lang='lat' dir='ltr'><strong>Provincia,</strong></span> 
     </span>
     <span class='ocr_line' id='line_1_5' title="bbox 156 877 1819 982; baseline 0.002 -31"><span class='ocrx_word' id='word_1_35' title='bbox 156 881 288 973; x_wconf 90' lang='lat' dir='ltr'><strong>potest</strong></span> <span class='ocrx_word' id='word_1_36' title='bbox 312 877 406 953; x_wconf 90' lang='lat' dir='ltr'><strong>dare</strong></span> <span class='ocrx_word' id='word_1_37' title='bbox 430 877 631 958; x_wconf 91' lang='lat' dir='ltr'><strong>licentiam</strong></span> <span class='ocrx_word' id='word_1_38' title='bbox 661 880 849 982; x_wconf 89' lang='lat' dir='ltr'><strong>loquendi</strong></span> <span class='ocrx_word' id='word_1_39' title='bbox 884 912 891 959; x_wconf 95' lang='lat'><strong>:</strong></span> <span class='ocrx_word' id='word_1_40' title='bbox 921 884 960 959; x_wconf 93' lang='lat' dir='ltr'><strong>in</strong></span> <span class='ocrx_word' id='word_1_41' title='bbox 986 883 1061 962; x_wconf 90' lang='lat' dir='ltr'><strong>alia</strong></span> <span class='ocrx_word' id='word_1_42' title='bbox 1095 893 1225 962; x_wconf 91' lang='lat' dir='ltr'><strong>autem</strong></span> <span class='ocrx_word' id='word_1_43' title='bbox 1257 880 1460 960; x_wconf 81' lang='lat' dir='ltr'><strong>Provincia</strong></span> <span class='ocrx_word' id='word_1_44' title='bbox 1485 887 1642 960; x_wconf 92' lang='lat' dir='ltr'><strong>tantum</strong></span> <span class='ocrx_word' id='word_1_45' title='bbox 1679 879 1760 958; x_wconf 91' lang='lat' dir='ltr'><strong>uni.</strong></span> <span class='ocrx_word' id='word_1_46' title='bbox 1786 877 1819 955; x_wconf 90' lang='lat' dir='ltr'><strong>Si</strong></span> 
     </span>
     <span class='ocr_line' id='line_1_6' title="bbox 157 990 1819 1098; baseline 0.004 -33"><span class='ocrx_word' id='word_1_47' title='bbox 157 990 246 1088; x_wconf 88' lang='lat' dir='ltr'><strong>quis</strong></span> <span class='ocrx_word' id='word_1_48' title='bbox 265 990 464 1072; x_wconf 92' lang='lat' dir='ltr'><strong>silentium</strong></span> <span class='ocrx_word' id='word_1_49' title='bbox 488 995 647 1096; x_wconf 82' lang='lat' dir='ltr'><strong>fregerit</strong></span> <span class='ocrx_word' id='word_1_50' title='bbox 666 1021 712 1075; x_wconf 84' lang='lat' dir='ltr'><strong>ex</strong></span> <span class='ocrx_word' id='word_1_51' title='bbox 735 1001 956 1098; x_wconf 78' lang='lat' dir='ltr'><strong>proposito,</strong></span> <span class='ocrx_word' id='word_1_52' title='bbox 975 1000 1036 1078; x_wconf 90' lang='lat' dir='ltr'><strong>vel</strong></span> <span class='ocrx_word' id='word_1_53' title='bbox 1056 998 1255 1078; x_wconf 89' lang='lat' dir='ltr'><strong>licentiam</strong></span> <span class='ocrx_word' id='word_1_54' title='bbox 1274 996 1462 1098; x_wconf 91' lang='lat' dir='ltr'><strong>loquendi</strong></span> <span class='ocrx_word' id='word_1_55' title='bbox 1481 995 1641 1075; x_wconf 89' lang='lat' dir='ltr'><strong>dederit</strong></span> <span class='ocrx_word' id='word_1_56' title='bbox 1662 1025 1670 1072; x_wconf 93' lang='lat'><strong>:</strong></span> <span class='ocrx_word' id='word_1_57' title='bbox 1696 995 1733 1071; x_wconf 92' lang='lat' dir='ltr'><strong>in</strong></span> <span class='ocrx_word' id='word_1_58' title='bbox 1751 1017 1819 1072; x_wconf 92' lang='lat' dir='ltr'><strong>uno</strong></span> 
     </span>
     <span class='ocr_line' id='line_1_7' title="bbox 156 1107 1819 1215; baseline 0.004 -35"><span class='ocrx_word' id='word_1_59' title='bbox 156 1107 325 1204; x_wconf 88' lang='lat' dir='ltr'><strong>prandio</strong></span> <span class='ocrx_word' id='word_1_60' title='bbox 351 1132 494 1209; x_wconf 82' lang='lat' dir='ltr'><strong>aquam</strong></span> <span class='ocrx_word' id='word_1_61' title='bbox 526 1111 665 1200; x_wconf 86' lang='lat' dir='ltr'><strong>bibat;</strong></span> <span class='ocrx_word' id='word_1_62' title='bbox 692 1122 730 1191; x_wconf 91' lang='lat' dir='ltr'><strong>et</strong></span> <span class='ocrx_word' id='word_1_63' title='bbox 755 1115 794 1190; x_wconf 93' lang='lat' dir='ltr'><strong>in</strong></span> <span class='ocrx_word' id='word_1_64' title='bbox 832 1115 1016 1215; x_wconf 89' lang='lat' dir='ltr'><strong>Capitulo</strong></span> <span class='ocrx_word' id='word_1_65' title='bbox 1045 1136 1178 1193; x_wconf 91' lang='lat' dir='ltr'><strong>coram</strong></span> <span class='ocrx_word' id='word_1_66' title='bbox 1209 1113 1396 1193; x_wconf 92' lang='lat' dir='ltr'><strong>omnibus</strong></span> <span class='ocrx_word' id='word_1_67' title='bbox 1423 1133 1542 1191; x_wconf 91' lang='lat' dir='ltr'><strong>unam</strong></span> <span class='ocrx_word' id='word_1_68' title='bbox 1576 1110 1819 1212; x_wconf 83' lang='lat' dir='ltr'><strong>disciplinam</strong></span> 
     </span>
     <span class='ocr_line' id='line_1_8' title="bbox 157 1221 1818 1329; baseline 0.004 -33"><span class='ocrx_word' id='word_1_69' title='bbox 157 1221 321 1322; x_wconf 91' lang='lat' dir='ltr'><strong>recipiat</strong></span> <span class='ocrx_word' id='word_1_70' title='bbox 360 1253 367 1300; x_wconf 96' lang='lat'><strong>:</strong></span> <span class='ocrx_word' id='word_1_71' title='bbox 406 1229 578 1328; x_wconf 85' lang='lat' dir='ltr'><strong>exceptis</strong></span> <span class='ocrx_word' id='word_1_72' title='bbox 613 1228 781 1306; x_wconf 73' lang='lat' dir='ltr'><strong>infirmis</strong></span> <span class='ocrx_word' id='word_1_73' title='bbox 815 1230 1158 1310; x_wconf 91' lang='lat' dir='ltr'><strong>decumbentibus.</strong></span> <span class='ocrx_word' id='word_1_74' title='bbox 1192 1231 1238 1309; x_wconf 81' lang='lat' dir='ltr'><strong>lit</strong></span> <span class='ocrx_word' id='word_1_75' title='bbox 1272 1230 1311 1305; x_wconf 91' lang='lat' dir='ltr'><strong>in</strong></span> <span class='ocrx_word' id='word_1_76' title='bbox 1349 1227 1425 1307; x_wconf 92' lang='lat' dir='ltr'><strong>boc</strong></span> <span class='ocrx_word' id='word_1_77' title='bbox 1452 1249 1531 1306; x_wconf 90' lang='lat' dir='ltr'><strong>non</strong></span> <span class='ocrx_word' id='word_1_78' title='bbox 1560 1227 1818 1329; x_wconf 86' lang='lat' dir='ltr'><strong>dispensetur,</strong></span> 
     </span>
     <span class='ocr_line' id='line_1_9' title="bbox 159 1336 1820 1441; baseline 0.005 -30"><span class='ocrx_word' id='word_1_79' title='bbox 159 1336 234 1414; x_wconf 92' lang='lat' dir='ltr'><strong>nisi</strong></span> <span class='ocrx_word' id='word_1_80' title='bbox 261 1361 331 1439; x_wconf 89' lang='lat' dir='ltr'><strong>per</strong></span> <span class='ocrx_word' id='word_1_81' title='bbox 357 1342 588 1441; x_wconf 81' lang='lat' dir='ltr'><strong>Magistrum</strong></span> <span class='ocrx_word' id='word_1_82' title='bbox 615 1342 793 1441; x_wconf 89' lang='lat' dir='ltr'><strong>Ordinis,</strong></span> <span class='ocrx_word' id='word_1_83' title='bbox 818 1355 856 1424; x_wconf 92' lang='lat' dir='ltr'><strong>et</strong></span> <span class='ocrx_word' id='word_1_84' title='bbox 882 1346 1062 1425; x_wconf 90' lang='lat' dir='ltr'><strong>Priorem</strong></span> <span class='ocrx_word' id='word_1_85' title='bbox 1092 1344 1406 1425; x_wconf 89' lang='lat' dir='ltr'><strong>Provincialem:</strong></span> <span class='ocrx_word' id='word_1_86' title='bbox 1432 1353 1468 1422; x_wconf 90' lang='lat' dir='ltr'><strong>et</strong></span> <span class='ocrx_word' id='word_1_87' title='bbox 1496 1343 1574 1423; x_wconf 89' lang='lat' dir='ltr'><strong>boc</strong></span> <span class='ocrx_word' id='word_1_88' title='bbox 1597 1353 1820 1440; x_wconf 82' lang='lat' dir='ltr'><strong>raro,ete1</strong></span> 
     </span>
     <span class='ocr_line' id='line_1_10' title="bbox 157 1453 547 1538; baseline 0.027 -12"><span class='ocrx_word' id='word_1_89' title='bbox 157 1453 383 1533; x_wconf 90' lang='lat' dir='ltr'><strong>rationabili</strong></span> <span class='ocrx_word' id='word_1_90' title='bbox 418 1479 547 1538; x_wconf 88' lang='lat' dir='ltr'><strong>causa.</strong></span> 
     </span>
    </p>

    <p class='ocr_par' dir='ltr' id='par_1_3' title="bbox 152 1569 1821 2140">
     <span class='ocr_line' id='line_1_11' title="bbox 207 1569 1819 1678; baseline 0.003 -33"><span class='ocrx_word' id='word_1_91' title='bbox 207 1569 355 1646; x_wconf 84' lang='lat' dir='ltr'><strong>infirmi</strong></span> <span class='ocrx_word' id='word_1_92' title='bbox 381 1596 473 1652; x_wconf 91' lang='lat' dir='ltr'><strong>vero</strong></span> <span class='ocrx_word' id='word_1_93' title='bbox 501 1598 579 1655; x_wconf 94' lang='lat' dir='ltr'><strong>non</strong></span> <span class='ocrx_word' id='word_1_94' title='bbox 609 1576 904 1672; x_wconf 91' lang='lat' dir='ltr'><strong>decumbentes,</strong></span> <span class='ocrx_word' id='word_1_95' title='bbox 929 1600 950 1653; x_wconf 91' lang='lat' dir='ltr'><strong>a</strong></span> <span class='ocrx_word' id='word_1_96' title='bbox 978 1577 1145 1678; x_wconf 90' lang='lat' dir='ltr'><strong>prandio</strong></span> <span class='ocrx_word' id='word_1_97' title='bbox 1172 1599 1297 1678; x_wconf 89' lang='lat' dir='ltr'><strong>usque</strong></span> <span class='ocrx_word' id='word_1_98' title='bbox 1324 1575 1372 1654; x_wconf 90' lang='lat' dir='ltr'><strong>ad</strong></span> <span class='ocrx_word' id='word_1_99' title='bbox 1406 1577 1600 1677; x_wconf 87' lang='lat' dir='ltr'><strong>Vesperas</strong></span> <span class='ocrx_word' id='word_1_100' title='bbox 1628 1575 1819 1654; x_wconf 90' lang='lat' dir='ltr'><strong>silentium</strong></span> 
     </span>
     <span class='ocr_line' id='line_1_12' title="bbox 155 1689 1821 1792; baseline 0.001 -31"><span class='ocrx_word' id='word_1_101' title='bbox 155 1693 341 1764; x_wconf 87' lang='lat' dir='ltr'><strong>teneant:</strong></span> <span class='ocrx_word' id='word_1_102' title='bbox 372 1689 557 1770; x_wconf 90' lang='lat' dir='ltr'><strong>similiter</strong></span> <span class='ocrx_word' id='word_1_103' title='bbox 591 1704 679 1791; x_wconf 91' lang='lat' dir='ltr'><strong>post</strong></span> <span class='ocrx_word' id='word_1_104' title='bbox 710 1693 865 1792; x_wconf 82' lang='lat' dir='ltr'><strong>signum</strong></span> <span class='ocrx_word' id='word_1_105' title='bbox 902 1692 1008 1791; x_wconf 89' lang='lat' dir='ltr'><strong>quod</strong></span> <span class='ocrx_word' id='word_1_106' title='bbox 1048 1693 1088 1771; x_wconf 90' lang='lat' dir='ltr'><strong>fit</strong></span> <span class='ocrx_word' id='word_1_107' title='bbox 1126 1704 1215 1792; x_wconf 91' lang='lat' dir='ltr'><strong>post</strong></span> <span class='ocrx_word' id='word_1_108' title='bbox 1249 1691 1579 1792; x_wconf 84' lang='lat' dir='ltr'><strong>Complatorium.</strong></span> <span class='ocrx_word' id='word_1_109' title='bbox 1607 1689 1821 1770; x_wconf 80' lang='lat' dir='ltr'><strong>Aminutis</strong></span> 
     </span>
     <span class='ocr_line' id='line_1_13' title="bbox 154 1805 1817 1906; baseline 0.002 -31"><span class='ocrx_word' id='word_1_110' title='bbox 154 1821 246 1877; x_wconf 92' lang='lat' dir='ltr'><strong>vero</strong></span> <span class='ocrx_word' id='word_1_111' title='bbox 277 1831 283 1878; x_wconf 95' lang='lat'><strong>:</strong></span> <span class='ocrx_word' id='word_1_112' title='bbox 314 1814 405 1902; x_wconf 91' lang='lat' dir='ltr'><strong>post</strong></span> <span class='ocrx_word' id='word_1_113' title='bbox 440 1808 607 1906; x_wconf 89' lang='lat' dir='ltr'><strong>primam</strong></span> <span class='ocrx_word' id='word_1_114' title='bbox 643 1809 748 1885; x_wconf 91' lang='lat' dir='ltr'><strong>diem</strong></span> <span class='ocrx_word' id='word_1_115' title='bbox 781 1831 873 1885; x_wconf 91' lang='lat' dir='ltr'><strong>suae</strong></span> <span class='ocrx_word' id='word_1_116' title='bbox 909 1808 1146 1887; x_wconf 92' lang='lat' dir='ltr'><strong>minutionis</strong></span> <span class='ocrx_word' id='word_1_117' title='bbox 1182 1808 1286 1887; x_wconf 92' lang='lat' dir='ltr'><strong>idem</strong></span> <span class='ocrx_word' id='word_1_118' title='bbox 1328 1810 1571 1887; x_wconf 82' lang='lat' dir='ltr'><strong>observetur.</strong></span> <span class='ocrx_word' id='word_1_119' title='bbox 1604 1805 1793 1884; x_wconf 89' lang='lat' dir='ltr'><strong>Fratres</strong></span> <span class='ocrx_word' id='word_1_120' title='bbox 1784 1825 1817 1880; x_wconf 93' lang='lat' dir='ltr'><strong>m</strong></span> 
     </span>
     <span class='ocr_line' id='line_1_14' title="bbox 155 1913 1818 2024; baseline 0.002 -32"><span class='ocrx_word' id='word_1_121' title='bbox 155 1913 338 2015; x_wconf 89' lang='lat' dir='ltr'><strong>Capitulo</strong></span> <span class='ocrx_word' id='word_1_122' title='bbox 360 1920 409 1997; x_wconf 93' lang='lat' dir='ltr'><strong>de</strong></span> <span class='ocrx_word' id='word_1_123' title='bbox 431 1921 589 2001; x_wconf 88' lang='lat' dir='ltr'><strong>silentio</strong></span> <span class='ocrx_word' id='word_1_124' title='bbox 613 1946 654 2001; x_wconf 92' lang='lat' dir='ltr'><strong>se</strong></span> <span class='ocrx_word' id='word_1_125' title='bbox 674 1933 871 2020; x_wconf 91' lang='lat' dir='ltr'><strong>accusent,</strong></span> <span class='ocrx_word' id='word_1_126' title='bbox 893 1924 993 2002; x_wconf 91' lang='lat' dir='ltr'><strong>sicut</strong></span> <span class='ocrx_word' id='word_1_127' title='bbox 1019 1923 1069 2002; x_wconf 92' lang='lat' dir='ltr'><strong>de</strong></span> <span class='ocrx_word' id='word_1_128' title='bbox 1094 1924 1181 2001; x_wconf 88' lang='lat' dir='ltr'><strong>aliis</strong></span> <span class='ocrx_word' id='word_1_129' title='bbox 1207 1923 1365 2024; x_wconf 91' lang='lat' dir='ltr'><strong>culpis:</strong></span> <span class='ocrx_word' id='word_1_130' title='bbox 1389 1931 1429 2001; x_wconf 91' lang='lat' dir='ltr'><strong>et</strong></span> <span class='ocrx_word' id='word_1_131' title='bbox 1454 1923 1638 2002; x_wconf 91' lang='lat' dir='ltr'><strong>Priorum</strong></span> <span class='ocrx_word' id='word_1_132' title='bbox 1665 1920 1818 1999; x_wconf 89' lang='lat' dir='ltr'><strong>arbitrio</strong></span> 
     </span>
     <span class='ocr_line' id='line_1_15' title="bbox 152 2033 1817 2140; baseline 0.003 -35"><span class='ocrx_word' id='word_1_133' title='bbox 152 2033 380 2128; x_wconf 89' lang='lat' dir='ltr'><strong>puniantur.</strong></span> <span class='ocrx_word' id='word_1_134' title='bbox 418 2036 459 2114; x_wconf 88' lang='lat' dir='ltr'><strong>Si</strong></span> <span class='ocrx_word' id='word_1_135' title='bbox 492 2041 582 2140; x_wconf 89' lang='lat' dir='ltr'><strong>quis</strong></span> <span class='ocrx_word' id='word_1_136' title='bbox 609 2049 738 2118; x_wconf 90' lang='lat' dir='ltr'><strong>tamen</strong></span> <span class='ocrx_word' id='word_1_137' title='bbox 769 2041 872 2117; x_wconf 90' lang='lat' dir='ltr'><strong>inter</strong></span> <span class='ocrx_word' id='word_1_138' title='bbox 905 2039 985 2118; x_wconf 92' lang='lat' dir='ltr'><strong>duo</strong></span> <span class='ocrx_word' id='word_1_139' title='bbox 1013 2039 1189 2140; x_wconf 90' lang='lat' dir='ltr'><strong>Capitula</strong></span> <span class='ocrx_word' id='word_1_140' title='bbox 1220 2041 1364 2139; x_wconf 90' lang='lat' dir='ltr'><strong>septies</strong></span> <span class='ocrx_word' id='word_1_141' title='bbox 1401 2038 1604 2118; x_wconf 88' lang='lat' dir='ltr'><strong>silentium</strong></span> <span class='ocrx_word' id='word_1_142' title='bbox 1640 2036 1817 2139; x_wconf 78' lang='lat' dir='ltr'><strong>fregerit:</strong></span> 
     </span>
    </p>

    <p class='ocr_par' dir='ltr' id='par_1_4' title="bbox 152 2147 876 2251">
     <span class='ocr_line' id='line_1_16' title="bbox 152 2147 876 2251; baseline 0.015 -30"><span class='ocrx_word' id='word_1_143' title='bbox 152 2147 193 2221; x_wconf 94' lang='lat' dir='ltr'><strong>in</strong></span> <span class='ocrx_word' id='word_1_144' title='bbox 223 2170 302 2226; x_wconf 92' lang='lat' dir='ltr'><strong>uno</strong></span> <span class='ocrx_word' id='word_1_145' title='bbox 330 2153 499 2251; x_wconf 89' lang='lat' dir='ltr'><strong>prandio</strong></span> <span class='ocrx_word' id='word_1_146' title='bbox 528 2156 663 2235; x_wconf 86' lang='lat' dir='ltr'><strong>sedeat</strong></span> <span class='ocrx_word' id='word_1_147' title='bbox 691 2158 876 2233; x_wconf 88' lang='lat' dir='ltr'><strong>interra.</strong></span> 
     </span>
    </p>
   </div>
   <div class='ocr_carea' id='block_1_3' title="bbox 333 2377 1746 2482">
    <p class='ocr_par' dir='ltr' id='par_1_5' title="bbox 333 2377 1746 2482">
     <span class='ocr_line' id='line_1_17' title="bbox 333 2377 1746 2482; baseline 0.002 -27"><span class='ocrx_word' id='word_1_148' title='bbox 333 2377 398 2455; x_wconf 84' lang='lat' dir='ltr'><strong>De</strong></span> <span class='ocrx_word' id='word_1_149' title='bbox 430 2379 756 2481; x_wconf 74' lang='lat' dir='ltr'><strong>decipiendis</strong></span> <span class='ocrx_word' id='word_1_150' title='bbox 782 2418 792 2456; x_wconf 94' lang='lat'><strong>.·</strong></span> <span class='ocrx_word' id='word_1_151' title='bbox 850 2384 1309 2462; x_wconf 83' lang='lat' dir='ltr'><strong>tertiumdecimum</strong></span> <span class='ocrx_word' id='word_1_152' title='bbox 1343 2381 1653 2482; x_wconf 82' lang='lat' dir='ltr'><strong>Capitulum.</strong></span> <span class='ocrx_word' id='word_1_153' title='bbox 1743 2473 1746 2479; x_wconf 23' lang='grc' dir='ltr'>Ι</span> 
     </span>
    </p>
   </div>
   <div class='ocr_carea' id='block_1_4' title="bbox 156 2609 1820 2803">
    <p class='ocr_par' dir='ltr' id='par_1_6' title="bbox 156 2609 1820 2803">
     <span class='ocr_line' id='line_1_18' title="bbox 156 2609 1820 2803; baseline 0.002 -118"><span class='ocrx_word' id='word_1_154' title='bbox 156 2631 220 2803; x_wconf 83' lang='lat' dir='ltr'><strong>lv</strong></span> <span class='ocrx_word' id='word_1_155' title='bbox 247 2609 426 2710; x_wconf 91' lang='lat' dir='ltr'><strong>quolibet</strong></span> <span class='ocrx_word' id='word_1_156' title='bbox 456 2611 658 2691; x_wconf 89' lang='lat' dir='ltr'><strong>Conventu</strong></span> <span class='ocrx_word' id='word_1_157' title='bbox 689 2622 768 2693; x_wconf 93' lang='lat' dir='ltr'><strong>tres</strong></span> <span class='ocrx_word' id='word_1_158' title='bbox 795 2614 926 2693; x_wconf 90' lang='lat' dir='ltr'><strong>idonei</strong></span> <span class='ocrx_word' id='word_1_159' title='bbox 959 2616 1112 2693; x_wconf 86' lang='lat' dir='ltr'><strong>Fratres</strong></span> <span class='ocrx_word' id='word_1_160' title='bbox 1135 2615 1331 2717; x_wconf 84' lang='lat' dir='ltr'><strong>eligantur</strong></span> <span class='ocrx_word' id='word_1_161' title='bbox 1357 2614 1406 2692; x_wconf 91' lang='lat' dir='ltr'><strong>de</strong></span> <span class='ocrx_word' id='word_1_162' title='bbox 1427 2613 1633 2692; x_wconf 90' lang='lat' dir='ltr'><strong>communi</strong></span> <span class='ocrx_word' id='word_1_163' title='bbox 1663 2612 1820 2692; x_wconf 88' lang='lat' dir='ltr'><strong>consilio</strong></span> 
     </span>
    </p>
   </div>
   <div class='ocr_carea' id='block_1_5' title="bbox 141 2725 1821 5615">
    <p class='ocr_par' dir='ltr' id='par_1_7' title="bbox 141 2725 1821 3762">
     <span class='ocr_line' id='line_1_19' title="bbox 219 2725 1816 2831; baseline 0 -26"><span class='ocrx_word' id='word_1_164' title='bbox 219 2725 422 2824; x_wconf 85' lang='lat' dir='ltr'><strong>Capituli:</strong></span> <span class='ocrx_word' id='word_1_165' title='bbox 446 2729 514 2829; x_wconf 91' lang='lat' dir='ltr'><strong>qui</strong></span> <span class='ocrx_word' id='word_1_166' title='bbox 542 2728 822 2828; x_wconf 90' lang='lat' dir='ltr'><strong>recipiendos</strong></span> <span class='ocrx_word' id='word_1_167' title='bbox 813 2753 852 2807; x_wconf 93' lang='lat' dir='ltr'><strong>1n</strong></span> <span class='ocrx_word' id='word_1_168' title='bbox 883 2732 1060 2808; x_wconf 87' lang='lat' dir='ltr'><strong>moribus</strong></span> <span class='ocrx_word' id='word_1_169' title='bbox 1085 2742 1122 2808; x_wconf 91' lang='lat' dir='ltr'><strong>et</strong></span> <span class='ocrx_word' id='word_1_170' title='bbox 1149 2731 1310 2810; x_wconf 90' lang='lat' dir='ltr'><strong>scientia</strong></span> <span class='ocrx_word' id='word_1_171' title='bbox 1338 2731 1547 2831; x_wconf 89' lang='lat' dir='ltr'><strong>diligenter</strong></span> <span class='ocrx_word' id='word_1_172' title='bbox 1573 2731 1816 2815; x_wconf 86' lang='lat' dir='ltr'><strong>examinent;</strong></span> 
     </span>
     <span class='ocr_line' id='line_1_20' title="bbox 148 2843 1819 2947; baseline 0.002 -27.014"><span class='ocrx_word' id='word_1_173' title='bbox 148 2850 193 2926; x_wconf 91' lang='lat' dir='ltr'><strong>et</strong></span> <span class='ocrx_word' id='word_1_174' title='bbox 228 2843 559 2923; x_wconf 81' lang='lat' dir='ltr'><strong>examinationem</strong></span> <span class='ocrx_word' id='word_1_175' title='bbox 594 2846 720 2924; x_wconf 94' lang='lat' dir='ltr'><strong>Priori</strong></span> <span class='ocrx_word' id='word_1_176' title='bbox 755 2855 792 2924; x_wconf 96' lang='lat' dir='ltr'><strong>et</strong></span> <span class='ocrx_word' id='word_1_177' title='bbox 824 2846 1007 2947; x_wconf 90' lang='lat' dir='ltr'><strong>Capitulo</strong></span> <span class='ocrx_word' id='word_1_178' title='bbox 1040 2848 1238 2928; x_wconf 89' lang='lat' dir='ltr'><strong>ref:erant</strong></span> <span class='ocrx_word' id='word_1_179' title='bbox 1268 2871 1423 2927; x_wconf 92' lang='lat' dir='ltr'><strong>eorum</strong></span> <span class='ocrx_word' id='word_1_180' title='bbox 1435 2848 1587 2946; x_wconf 85' lang='lat' dir='ltr'><strong>jndicio</strong></span> <span class='ocrx_word' id='word_1_181' title='bbox 1626 2870 1676 2926; x_wconf 90' lang='lat' dir='ltr'><strong>an</strong></span> <span class='ocrx_word' id='word_1_182' title='bbox 1708 2847 1819 2946; x_wconf 90' lang='lat' dir='ltr'><strong>recipi</strong></span> 
     </span>
     <span class='ocr_line' id='line_1_21' title="bbox 153 2959 1818 3066; baseline 0.001 -29"><span class='ocrx_word' id='word_1_183' title='bbox 153 2959 323 3038; x_wconf 91' lang='lat' dir='ltr'><strong>debeant</strong></span> <span class='ocrx_word' id='word_1_184' title='bbox 356 2959 635 3062; x_wconf 87' lang='lat' dir='ltr'><strong>relinquentes.</strong></span> <span class='ocrx_word' id='word_1_185' title='bbox 674 2961 751 3058; x_wconf 84' lang='lat' dir='ltr'><strong>Qui</strong></span> <span class='ocrx_word' id='word_1_186' title='bbox 784 2963 879 3041; x_wconf 94' lang='lat' dir='ltr'><strong>dum</strong></span> <span class='ocrx_word' id='word_1_187' title='bbox 913 2964 1070 3042; x_wconf 88' lang='lat' dir='ltr'><strong>adducti</strong></span> <span class='ocrx_word' id='word_1_188' title='bbox 1101 2964 1293 3042; x_wconf 86' lang='lat' dir='ltr'><strong>luerint</strong></span> <span class='ocrx_word' id='word_1_189' title='bbox 1284 2988 1324 3042; x_wconf 94' lang='lat' dir='ltr'><strong>m</strong></span> <span class='ocrx_word' id='word_1_190' title='bbox 1360 2963 1621 3065; x_wconf 82' lang='lat' dir='ltr'><strong>Capitulum:</strong></span> <span class='ocrx_word' id='word_1_191' title='bbox 1658 2975 1818 3066; x_wconf 87' lang='lat' dir='ltr'><strong>proster-</strong></span> 
     </span>
     <span class='ocr_line' id='line_1_22' title="bbox 154 3077 1817 3183; baseline 0.001 -28"><span class='ocrx_word' id='word_1_192' title='bbox 154 3087 247 3156; x_wconf 88' lang='lat' dir='ltr'><strong>nant</strong></span> <span class='ocrx_word' id='word_1_193' title='bbox 266 3100 307 3155; x_wconf 92' lang='lat' dir='ltr'><strong>se</strong></span> <span class='ocrx_word' id='word_1_194' title='bbox 330 3078 370 3154; x_wconf 94' lang='lat' dir='ltr'><strong>in</strong></span> <span class='ocrx_word' id='word_1_195' title='bbox 390 3077 535 3156; x_wconf 92' lang='lat' dir='ltr'><strong>medio.</strong></span> <span class='ocrx_word' id='word_1_196' title='bbox 558 3079 790 3181; x_wconf 84' lang='lat' dir='ltr'><strong>Interrogati</strong></span> <span class='ocrx_word' id='word_1_197' title='bbox 814 3103 907 3158; x_wconf 92' lang='lat' dir='ltr'><strong>vero</strong></span> <span class='ocrx_word' id='word_1_198' title='bbox 925 3103 945 3157; x_wconf 93' lang='lat' dir='ltr'><strong>a</strong></span> <span class='ocrx_word' id='word_1_199' title='bbox 966 3081 1155 3176; x_wconf 87' lang='lat' dir='ltr'><strong>Praelato,</strong></span> <span class='ocrx_word' id='word_1_200' title='bbox 1181 3082 1278 3183; x_wconf 89' lang='lat' dir='ltr'><strong>quid</strong></span> <span class='ocrx_word' id='word_1_201' title='bbox 1303 3090 1522 3183; x_wconf 89' lang='lat' dir='ltr'><strong>quaerant:</strong></span> <span class='ocrx_word' id='word_1_202' title='bbox 1545 3079 1817 3182; x_wconf 87' lang='lat' dir='ltr'><strong>respondeant,</strong></span> 
     </span>
     <span class='ocr_line' id='line_1_23' title="bbox 141 3188 1819 3297; baseline 0 -25"><span class='ocrx_word' id='word_1_203' title='bbox 141 3188 464 3274; x_wconf 71' lang='lat' dir='ltr'><strong>&#39;Misericordiam</strong></span> <span class='ocrx_word' id='word_1_204' title='bbox 484 3195 569 3288; x_wconf 84' lang='lat' dir='ltr'><strong>Dei,</strong></span> <span class='ocrx_word' id='word_1_205' title='bbox 586 3206 623 3274; x_wconf 86' lang='lat' dir='ltr'><strong>ct</strong></span> <span class='ocrx_word' id='word_1_206' title='bbox 646 3206 824 3274; x_wconf 79' lang='lat' dir='ltr'><strong>uestrum.</strong></span> <span class='ocrx_word' id='word_1_207' title='bbox 857 3195 1011 3292; x_wconf 85' lang='lat' dir='ltr'><strong>Quibus</strong></span> <span class='ocrx_word' id='word_1_208' title='bbox 1034 3198 1118 3274; x_wconf 91' lang='lat' dir='ltr'><strong>ad</strong></span> <span class='ocrx_word' id='word_1_209' title='bbox 1105 3221 1260 3297; x_wconf 72' lang='lat' dir='ltr'><strong>jussum</strong></span> <span class='ocrx_word' id='word_1_210' title='bbox 1290 3196 1455 3276; x_wconf 90' lang='lat' dir='ltr'><strong>Praelati</strong></span> <span class='ocrx_word' id='word_1_211' title='bbox 1478 3197 1636 3293; x_wconf 89' lang='lat' dir='ltr'><strong>erectis,</strong></span> <span class='ocrx_word' id='word_1_212' title='bbox 1658 3205 1819 3297; x_wconf 85' lang='lat' dir='ltr'><strong>exponat</strong></span> 
     </span>
     <span class='ocr_line' id='line_1_24' title="bbox 155 3311 1821 3415; baseline 0.001 -29"><span class='ocrx_word' id='word_1_213' title='bbox 155 3312 212 3387; x_wconf 90' lang='lat' dir='ltr'><strong>eis</strong></span> <span class='ocrx_word' id='word_1_214' title='bbox 236 3311 483 3389; x_wconf 88' lang='lat' dir='ltr'><strong>austeritates</strong></span> <span class='ocrx_word' id='word_1_215' title='bbox 508 3311 701 3389; x_wconf 90' lang='lat' dir='ltr'><strong>Ordinis:</strong></span> <span class='ocrx_word' id='word_1_216' title='bbox 727 3312 965 3391; x_wconf 90' lang='lat' dir='ltr'><strong>voluntatem</strong></span> <span class='ocrx_word' id='word_1_217' title='bbox 995 3336 1132 3391; x_wconf 90' lang='lat' dir='ltr'><strong>eurum</strong></span> <span class='ocrx_word' id='word_1_218' title='bbox 1160 3316 1378 3415; x_wconf 82' lang='lat' dir='ltr'><strong>requirens.</strong></span> <span class='ocrx_word' id='word_1_219' title='bbox 1401 3313 1477 3410; x_wconf 80' lang='lat' dir='ltr'><strong>Qui</strong></span> <span class='ocrx_word' id='word_1_220' title='bbox 1507 3314 1539 3391; x_wconf 91' lang='lat' dir='ltr'><strong>si</strong></span> <span class='ocrx_word' id='word_1_221' title='bbox 1564 3312 1821 3414; x_wconf 88' lang='lat' dir='ltr'><strong>respondeant</strong></span> 
     </span>
     <span class='ocr_line' id='line_1_25' title="bbox 155 3425 1821 3530; baseline 0 -25"><span class='ocrx_word' id='word_1_222' title='bbox 155 3449 196 3505; x_wconf 91' lang='lat' dir='ltr'><strong>se</strong></span> <span class='ocrx_word' id='word_1_223' title='bbox 234 3425 332 3504; x_wconf 91' lang='lat' dir='ltr'><strong>velle</strong></span> <span class='ocrx_word' id='word_1_224' title='bbox 366 3435 505 3505; x_wconf 88' lang='lat' dir='ltr'><strong>cuncta</strong></span> <span class='ocrx_word' id='word_1_225' title='bbox 541 3451 735 3506; x_wconf 87' lang='lat' dir='ltr'><strong>servare:</strong></span> <span class='ocrx_word' id='word_1_226' title='bbox 770 3428 873 3506; x_wconf 88' lang='lat' dir='ltr'><strong>dicat</strong></span> <span class='ocrx_word' id='word_1_227' title='bbox 915 3440 1005 3528; x_wconf 89' lang='lat' dir='ltr'><strong>post</strong></span> <span class='ocrx_word' id='word_1_228' title='bbox 1037 3440 1180 3507; x_wconf 89' lang='lat' dir='ltr'><strong>cetera.</strong></span> <span class='ocrx_word' id='word_1_229' title='bbox 1219 3430 1411 3508; x_wconf 78' lang='lat' dir='ltr'><strong>Omnium</strong></span> <span class='ocrx_word' id='word_1_230' title='bbox 1435 3430 1505 3528; x_wconf 83' lang='lat' dir='ltr'><strong>qui</strong></span> <span class='ocrx_word' id='word_1_231' title='bbox 1534 3430 1716 3530; x_wconf 82' lang='lat' dir='ltr'><strong>incoepit,</strong></span> <span class='ocrx_word' id='word_1_232' title='bbox 1751 3429 1821 3528; x_wconf 82' lang='lat' dir='ltr'><strong>ipre</strong></span> 
     </span>
     <span class='ocr_line' id='line_1_26' title="bbox 152 3541 1821 3644; baseline 0 -25"><span class='ocrx_word' id='word_1_233' title='bbox 152 3541 339 3641; x_wconf 78' lang='lat' dir='ltr'><strong>perficiet.</strong></span> <span class='ocrx_word' id='word_1_234' title='bbox 378 3543 424 3617; x_wconf 88' lang='lat' dir='ltr'><strong>Et</strong></span> <span class='ocrx_word' id='word_1_235' title='bbox 459 3542 681 3621; x_wconf 91' lang='lat' dir='ltr'><strong>Conventus</strong></span> <span class='ocrx_word' id='word_1_236' title='bbox 722 3544 971 3642; x_wconf 89' lang='lat' dir='ltr'><strong>respondeat,</strong></span> <span class='ocrx_word' id='word_1_237' title='bbox 1009 3547 1147 3622; x_wconf 80' lang='lat' dir='ltr'><strong>Aurem</strong></span> <span class='ocrx_word' id='word_1_238' title='bbox 1189 3545 1299 3622; x_wconf 83' lang='lat' dir='ltr'><strong>Tunc</strong></span> <span class='ocrx_word' id='word_1_239' title='bbox 1333 3542 1526 3644; x_wconf 91' lang='lat' dir='ltr'><strong>depositis</strong></span> <span class='ocrx_word' id='word_1_240' title='bbox 1564 3541 1821 3622; x_wconf 87' lang='lat' dir='ltr'><strong>saecularibus</strong></span> 
     </span>
     <span class='ocr_line' id='line_1_27' title="bbox 153 3659 1817 3762; baseline -0.004 -25"><span class='ocrx_word' id='word_1_241' title='bbox 153 3659 339 3755; x_wconf 90' lang='lat' dir='ltr'><strong>vestibus,</strong></span> <span class='ocrx_word' id='word_1_242' title='bbox 359 3668 398 3736; x_wconf 93' lang='lat' dir='ltr'><strong>et</strong></span> <span class='ocrx_word' id='word_1_243' title='bbox 417 3660 609 3759; x_wconf 90' lang='lat' dir='ltr'><strong>religiosis</strong></span> <span class='ocrx_word' id='word_1_244' title='bbox 628 3661 756 3738; x_wconf 91' lang='lat' dir='ltr'><strong>induti</strong></span> <span class='ocrx_word' id='word_1_245' title='bbox 780 3690 786 3736; x_wconf 95' lang='lat'><strong>:</strong></span> <span class='ocrx_word' id='word_1_246' title='bbox 808 3663 846 3737; x_wconf 92' lang='lat' dir='ltr'><strong>in</strong></span> <span class='ocrx_word' id='word_1_247' title='bbox 869 3673 1043 3741; x_wconf 88' lang='lat' dir='ltr'><strong>nostram</strong></span> <span class='ocrx_word' id='word_1_248' title='bbox 1067 3663 1295 3741; x_wconf 90' lang='lat' dir='ltr'><strong>societatem</strong></span> <span class='ocrx_word' id='word_1_249' title='bbox 1312 3663 1351 3738; x_wconf 91' lang='lat' dir='ltr'><strong>in</strong></span> <span class='ocrx_word' id='word_1_250' title='bbox 1373 3660 1555 3762; x_wconf 88' lang='lat' dir='ltr'><strong>Capitulo</strong></span> <span class='ocrx_word' id='word_1_251' title='bbox 1575 3661 1817 3762; x_wconf 90' lang='lat' dir='ltr'><strong>recipiantur.</strong></span> 
     </span>
    </p>

    <p class='ocr_par' dir='ltr' id='par_1_8' title="bbox 157 3775 1819 4433">
     <span class='ocr_line' id='line_1_28' title="bbox 206 3775 1818 3878; baseline 0 -29"><span class='ocrx_word' id='word_1_252' title='bbox 206 3775 483 3852; x_wconf 91' lang='lat' dir='ltr'><strong>Verumtamen</strong></span> <span class='ocrx_word' id='word_1_253' title='bbox 519 3788 729 3877; x_wconf 86' lang='lat' dir='ltr'><strong>antequam</strong></span> <span class='ocrx_word' id='word_1_254' title='bbox 765 3776 1016 3855; x_wconf 91' lang='lat' dir='ltr'><strong>stabilitatem</strong></span> <span class='ocrx_word' id='word_1_255' title='bbox 1056 3789 1094 3855; x_wconf 94' lang='lat' dir='ltr'><strong>et</strong></span> <span class='ocrx_word' id='word_1_256' title='bbox 1125 3799 1375 3855; x_wconf 88' lang='lat' dir='ltr'><strong>communem</strong></span> <span class='ocrx_word' id='word_1_257' title='bbox 1411 3777 1528 3855; x_wconf 90' lang='lat' dir='ltr'><strong>vitam</strong></span> <span class='ocrx_word' id='word_1_258' title='bbox 1567 3776 1818 3878; x_wconf 89' lang='lat' dir='ltr'><strong>promittant;</strong></span> 
     </span>
     <span class='ocr_line' id='line_1_29' title="bbox 160 3889 1819 3993; baseline -0.004 -24"><span class='ocrx_word' id='word_1_259' title='bbox 160 3902 197 3969; x_wconf 89' lang='lat' dir='ltr'><strong>et</strong></span> <span class='ocrx_word' id='word_1_260' title='bbox 218 3890 482 3967; x_wconf 91' lang='lat' dir='ltr'><strong>obedientiam</strong></span> <span class='ocrx_word' id='word_1_261' title='bbox 507 3891 699 3988; x_wconf 87' lang='lat' dir='ltr'><strong>Praelato,</strong></span> <span class='ocrx_word' id='word_1_262' title='bbox 721 3902 759 3971; x_wconf 89' lang='lat' dir='ltr'><strong>et</strong></span> <span class='ocrx_word' id='word_1_263' title='bbox 782 3892 1076 3971; x_wconf 90' lang='lat' dir='ltr'><strong>successoribus</strong></span> <span class='ocrx_word' id='word_1_264' title='bbox 1103 3894 1184 3972; x_wconf 87' lang='lat' dir='ltr'><strong>suis</strong></span> <span class='ocrx_word' id='word_1_265' title='bbox 1207 3893 1376 3972; x_wconf 81' lang='lat' dir='ltr'><strong>iaciant:</strong></span> <span class='ocrx_word' id='word_1_266' title='bbox 1398 3904 1555 3993; x_wconf 92' lang='lat' dir='ltr'><strong>tempus</strong></span> <span class='ocrx_word' id='word_1_267' title='bbox 1584 3889 1819 3993; x_wconf 87' lang='lat' dir='ltr'><strong>probationis</strong></span> 
     </span>
     <span class='ocr_line' id='line_1_30' title="bbox 160 4005 1819 4109; baseline -0.002 -25"><span class='ocrx_word' id='word_1_268' title='bbox 160 4005 217 4084; x_wconf 91' lang='lat' dir='ltr'><strong>eis</strong></span> <span class='ocrx_word' id='word_1_269' title='bbox 235 4007 468 4107; x_wconf 89' lang='lat' dir='ltr'><strong>assignetur,</strong></span> <span class='ocrx_word' id='word_1_270' title='bbox 490 4019 533 4085; x_wconf 89' lang='lat' dir='ltr'><strong>ut</strong></span> <span class='ocrx_word' id='word_1_271' title='bbox 551 4021 589 4085; x_wconf 88' lang='lat' dir='ltr'><strong>et</strong></span> <span class='ocrx_word' id='word_1_272' title='bbox 609 4009 683 4108; x_wconf 89' lang='lat' dir='ltr'><strong>ipsi</strong></span> <span class='ocrx_word' id='word_1_273' title='bbox 709 4010 957 4087; x_wconf 87' lang='lat' dir='ltr'><strong>austeritates</strong></span> <span class='ocrx_word' id='word_1_274' title='bbox 982 4008 1156 4103; x_wconf 90' lang='lat' dir='ltr'><strong>Ordinis,</strong></span> <span class='ocrx_word' id='word_1_275' title='bbox 1179 4021 1216 4087; x_wconf 91' lang='lat' dir='ltr'><strong>et</strong></span> <span class='ocrx_word' id='word_1_276' title='bbox 1243 4010 1395 4087; x_wconf 88' lang='lat' dir='ltr'><strong>Fratres</strong></span> <span class='ocrx_word' id='word_1_277' title='bbox 1422 4029 1554 4086; x_wconf 88' lang='lat' dir='ltr'><strong>mores</strong></span> <span class='ocrx_word' id='word_1_278' title='bbox 1579 4008 1819 4109; x_wconf 80' lang='lat' dir='ltr'><strong>experiantur</strong></span> 
     </span>
     <span class='ocr_line' id='line_1_31' title="bbox 160 4121 1816 4226; baseline 0.001 -27"><span class='ocrx_word' id='word_1_279' title='bbox 160 4145 311 4200; x_wconf 88' lang='lat' dir='ltr'><strong>eorum.</strong></span> <span class='ocrx_word' id='word_1_280' title='bbox 345 4121 482 4198; x_wconf 87' lang='lat' dir='ltr'><strong>Nullus</strong></span> <span class='ocrx_word' id='word_1_281' title='bbox 524 4124 739 4222; x_wconf 90' lang='lat' dir='ltr'><strong>recipiatur</strong></span> <span class='ocrx_word' id='word_1_282' title='bbox 769 4126 845 4202; x_wconf 90' lang='lat' dir='ltr'><strong>uisi</strong></span> <span class='ocrx_word' id='word_1_283' title='bbox 885 4125 1114 4225; x_wconf 90' lang='lat' dir='ltr'><strong>requisitus,</strong></span> <span class='ocrx_word' id='word_1_284' title='bbox 1144 4147 1192 4202; x_wconf 91' lang='lat' dir='ltr'><strong>an</strong></span> <span class='ocrx_word' id='word_1_285' title='bbox 1230 4126 1280 4205; x_wconf 94' lang='lat' dir='ltr'><strong>sit</strong></span> <span class='ocrx_word' id='word_1_286' title='bbox 1314 4125 1558 4226; x_wconf 87' lang='lat' dir='ltr'><strong>conjugatus,</strong></span> <span class='ocrx_word' id='word_1_287' title='bbox 1588 4145 1638 4200; x_wconf 93' lang='lat' dir='ltr'><strong>an</strong></span> <span class='ocrx_word' id='word_1_288' title='bbox 1670 4142 1796 4202; x_wconf 83' lang='lat' dir='ltr'><strong>servus</strong></span> <span class='ocrx_word' id='word_1_289' title='bbox 1807 4146 1816 4209; x_wconf 91' lang='lat'>;</span> 
     </span>
     <span class='ocr_line' id='line_1_32' title="bbox 157 4237 1818 4341; baseline -0.001 -25"><span class='ocrx_word' id='word_1_290' title='bbox 157 4262 207 4316; x_wconf 89' lang='lat' dir='ltr'><strong>an</strong></span> <span class='ocrx_word' id='word_1_291' title='bbox 246 4237 461 4316; x_wconf 88' lang='lat' dir='ltr'><strong>ratiociniis</strong></span> <span class='ocrx_word' id='word_1_292' title='bbox 504 4238 724 4338; x_wconf 85' lang='lat' dir='ltr'><strong>obligatus,</strong></span> <span class='ocrx_word' id='word_1_293' title='bbox 760 4263 810 4317; x_wconf 92' lang='lat' dir='ltr'><strong>an</strong></span> <span class='ocrx_word' id='word_1_294' title='bbox 850 4241 1014 4319; x_wconf 89' lang='lat' dir='ltr'><strong>alterius</strong></span> <span class='ocrx_word' id='word_1_295' title='bbox 1049 4241 1309 4341; x_wconf 78' lang='lat' dir='ltr'><strong>protessionis</strong></span> <span class='ocrx_word' id='word_1_296' title='bbox 1339 4269 1346 4316; x_wconf 94' lang='lat'>:</span> <span class='ocrx_word' id='word_1_297' title='bbox 1376 4239 1437 4317; x_wconf 92' lang='lat' dir='ltr'><strong>vel</strong></span> <span class='ocrx_word' id='word_1_298' title='bbox 1464 4237 1662 4318; x_wconf 87' lang='lat' dir='ltr'><strong>occultam</strong></span> <span class='ocrx_word' id='word_1_299' title='bbox 1693 4237 1818 4316; x_wconf 86' lang='lat' dir='ltr'><strong>habeat</strong></span> 
     </span>
     <span class='ocr_line' id='line_1_33' title="bbox 158 4354 443 4433; baseline -0.011 -1"><span class='ocrx_word' id='word_1_300' title='bbox 158 4354 443 4433; x_wconf 89' lang='lat' dir='ltr'><strong>infirmitatem.</strong></span> 
     </span>
    </p>

    <p class='ocr_par' dir='ltr' id='par_1_9' title="bbox 155 4469 1815 5267">
     <span class='ocr_line' id='line_1_34' title="bbox 212 4469 1815 4571; baseline 0 -24"><span class='ocrx_word' id='word_1_301' title='bbox 212 4471 350 4549; x_wconf 88' lang='lat' dir='ltr'><strong>Nullus</strong></span> <span class='ocrx_word' id='word_1_302' title='bbox 386 4470 597 4569; x_wconf 88' lang='lat' dir='ltr'><strong>recipiatur</strong></span> <span class='ocrx_word' id='word_1_303' title='bbox 626 4471 665 4545; x_wconf 93' lang='lat' dir='ltr'><strong>in</strong></span> <span class='ocrx_word' id='word_1_304' title='bbox 698 4470 874 4547; x_wconf 91' lang='lat' dir='ltr'><strong>Fratrem</strong></span> <span class='ocrx_word' id='word_1_305' title='bbox 909 4469 1104 4550; x_wconf 88' lang='lat' dir='ltr'><strong>Clericum</strong></span> <span class='ocrx_word' id='word_1_306' title='bbox 1141 4471 1191 4550; x_wconf 90' lang='lat' dir='ltr'><strong>ad</strong></span> <span class='ocrx_word' id='word_1_307' title='bbox 1225 4471 1501 4571; x_wconf 92' lang='lat' dir='ltr'><strong>probationem</strong></span> <span class='ocrx_word' id='word_1_308' title='bbox 1530 4471 1590 4548; x_wconf 95' lang='lat' dir='ltr'><strong>vel</strong></span> <span class='ocrx_word' id='word_1_309' title='bbox 1620 4469 1815 4571; x_wconf 84' lang='lat' dir='ltr'><strong>prolessio</strong></span> 
     </span>
     <span class='ocr_line' id='line_1_35' title="bbox 157 4585 1815 4687; baseline 0 -23"><span class='ocrx_word' id='word_1_310' title='bbox 157 4610 261 4683; x_wconf 87' lang='lat' dir='ltr'><strong>nem,</strong></span> <span class='ocrx_word' id='word_1_311' title='bbox 289 4588 363 4663; x_wconf 91' lang='lat' dir='ltr'><strong>nisi</strong></span> <span class='ocrx_word' id='word_1_312' title='bbox 391 4610 413 4663; x_wconf 90' lang='lat' dir='ltr'><strong>a</strong></span> <span class='ocrx_word' id='word_1_313' title='bbox 440 4587 575 4664; x_wconf 90' lang='lat' dir='ltr'><strong>Priore</strong></span> <span class='ocrx_word' id='word_1_314' title='bbox 608 4585 853 4680; x_wconf 88' lang='lat' dir='ltr'><strong>Provinciali,</strong></span> <span class='ocrx_word' id='word_1_315' title='bbox 877 4587 934 4664; x_wconf 94' lang='lat' dir='ltr'><strong>vel</strong></span> <span class='ocrx_word' id='word_1_316' title='bbox 961 4586 1011 4664; x_wconf 89' lang='lat' dir='ltr'><strong>ab</strong></span> <span class='ocrx_word' id='word_1_317' title='bbox 1034 4610 1095 4683; x_wconf 91' lang='lat' dir='ltr'><strong>eo,</strong></span> <span class='ocrx_word' id='word_1_318' title='bbox 1115 4588 1177 4665; x_wconf 92' lang='lat' dir='ltr'><strong>cui</strong></span> <span class='ocrx_word' id='word_1_319' title='bbox 1201 4609 1319 4687; x_wconf 90' lang='lat' dir='ltr'><strong>super</strong></span> <span class='ocrx_word' id='word_1_320' title='bbox 1345 4587 1420 4665; x_wconf 91' lang='lat' dir='ltr'><strong>hoc</strong></span> <span class='ocrx_word' id='word_1_321' title='bbox 1446 4587 1601 4665; x_wconf 88' lang='lat' dir='ltr'><strong>dederit</strong></span> <span class='ocrx_word' id='word_1_322' title='bbox 1631 4587 1815 4666; x_wconf 85' lang='lat' dir='ltr'><strong>licentiam</strong></span> 
     </span>
     <span class='ocr_line' id='line_1_36' title="bbox 155 4701 1815 4804; baseline -0.003 -25"><span class='ocrx_word' id='word_1_323' title='bbox 155 4703 363 4800; x_wconf 89' lang='lat' dir='ltr'><strong>specialem</strong></span> <span class='ocrx_word' id='word_1_324' title='bbox 388 4731 395 4778; x_wconf 92' lang='lat'>:</span> <span class='ocrx_word' id='word_1_325' title='bbox 420 4703 479 4779; x_wconf 91' lang='lat' dir='ltr'><strong>vel</strong></span> <span class='ocrx_word' id='word_1_326' title='bbox 505 4726 527 4779; x_wconf 87' lang='lat' dir='ltr'><strong>a</strong></span> <span class='ocrx_word' id='word_1_327' title='bbox 547 4703 683 4780; x_wconf 92' lang='lat' dir='ltr'><strong>Priore</strong></span> <span class='ocrx_word' id='word_1_328' title='bbox 704 4703 977 4798; x_wconf 87' lang='lat' dir='ltr'><strong>Conventuali,</strong></span> <span class='ocrx_word' id='word_1_329' title='bbox 1000 4725 1089 4779; x_wconf 87' lang='lat' dir='ltr'><strong>cum</strong></span> <span class='ocrx_word' id='word_1_330' title='bbox 1119 4725 1282 4780; x_wconf 89' lang='lat' dir='ltr'><strong>assensu</strong></span> <span class='ocrx_word' id='word_1_331' title='bbox 1308 4703 1430 4780; x_wconf 82' lang='lat' dir='ltr'><strong>totius</strong></span> <span class='ocrx_word' id='word_1_332' title='bbox 1447 4703 1507 4781; x_wconf 92' lang='lat' dir='ltr'><strong>vel</strong></span> <span class='ocrx_word' id='word_1_333' title='bbox 1526 4704 1690 4803; x_wconf 91' lang='lat' dir='ltr'><strong>majoris</strong></span> <span class='ocrx_word' id='word_1_334' title='bbox 1709 4701 1815 4804; x_wconf 87' lang='lat' dir='ltr'><strong>partis</strong></span> 
     </span>
     <span class='ocr_line' id='line_1_37' title="bbox 155 4816 1813 4921; baseline -0.001 -24"><span class='ocrx_word' id='word_1_335' title='bbox 155 4817 337 4918; x_wconf 88' lang='lat' dir='ltr'><strong>Capituli.</strong></span> <span class='ocrx_word' id='word_1_336' title='bbox 359 4817 601 4896; x_wconf 88' lang='lat' dir='ltr'><strong>Conversum</strong></span> <span class='ocrx_word' id='word_1_337' title='bbox 628 4830 758 4897; x_wconf 90' lang='lat' dir='ltr'><strong>autem</strong></span> <span class='ocrx_word' id='word_1_338' title='bbox 788 4840 866 4896; x_wconf 91' lang='lat' dir='ltr'><strong>non</strong></span> <span class='ocrx_word' id='word_1_339' title='bbox 892 4818 1052 4917; x_wconf 90' lang='lat' dir='ltr'><strong>recipiat</strong></span> <span class='ocrx_word' id='word_1_340' title='bbox 1082 4818 1193 4896; x_wconf 91' lang='lat' dir='ltr'><strong>Prior</strong></span> <span class='ocrx_word' id='word_1_341' title='bbox 1219 4817 1488 4913; x_wconf 91' lang='lat' dir='ltr'><strong>Provincialis,</strong></span> <span class='ocrx_word' id='word_1_342' title='bbox 1512 4841 1585 4898; x_wconf 90' lang='lat' dir='ltr'><strong>nec</strong></span> <span class='ocrx_word' id='word_1_343' title='bbox 1606 4819 1752 4921; x_wconf 90' lang='lat' dir='ltr'><strong>aliquis</strong></span> <span class='ocrx_word' id='word_1_344' title='bbox 1775 4816 1813 4893; x_wconf 88' lang='lat' dir='ltr'><strong>de</strong></span> 
     </span>
     <span class='ocr_line' id='line_1_38' title="bbox 155 4930 1812 5034; baseline 0.001 -22"><span class='ocrx_word' id='word_1_345' title='bbox 155 4938 240 5034; x_wconf 89' lang='lat' dir='ltr'><strong>ejus</strong></span> <span class='ocrx_word' id='word_1_346' title='bbox 268 4934 425 5011; x_wconf 87' lang='lat' dir='ltr'><strong>licentia</strong></span> <span class='ocrx_word' id='word_1_347' title='bbox 447 4963 454 5008; x_wconf 95' lang='lat'>:</span> <span class='ocrx_word' id='word_1_348' title='bbox 479 4934 553 5011; x_wconf 93' lang='lat' dir='ltr'><strong>nisi</strong></span> <span class='ocrx_word' id='word_1_349' title='bbox 582 4935 630 5011; x_wconf 92' lang='lat' dir='ltr'><strong>de</strong></span> <span class='ocrx_word' id='word_1_350' title='bbox 658 4956 852 5012; x_wconf 92' lang='lat' dir='ltr'><strong>consensu</strong></span> <span class='ocrx_word' id='word_1_351' title='bbox 884 4933 1045 5028; x_wconf 92' lang='lat' dir='ltr'><strong>Prioris,</strong></span> <span class='ocrx_word' id='word_1_352' title='bbox 1075 4942 1114 5010; x_wconf 94' lang='lat' dir='ltr'><strong>et</strong></span> <span class='ocrx_word' id='word_1_353' title='bbox 1141 4934 1308 5012; x_wconf 89' lang='lat' dir='ltr'><strong>duarum</strong></span> <span class='ocrx_word' id='word_1_354' title='bbox 1335 4935 1505 5033; x_wconf 90' lang='lat' dir='ltr'><strong>partium</strong></span> <span class='ocrx_word' id='word_1_355' title='bbox 1535 4934 1730 5032; x_wconf 90' lang='lat' dir='ltr'><strong>Fratrum,</strong></span> <span class='ocrx_word' id='word_1_356' title='bbox 1757 4930 1812 5033; x_wconf 82' lang='lat' dir='ltr'><strong>qui</strong></span> 
     </span>
     <span class='ocr_line' id='line_1_39' title="bbox 157 5048 1814 5154; baseline -0.001 -26"><span class='ocrx_word' id='word_1_357' title='bbox 157 5060 249 5128; x_wconf 92' lang='lat' dir='ltr'><strong>sunt</strong></span> <span class='ocrx_word' id='word_1_358' title='bbox 279 5050 327 5128; x_wconf 92' lang='lat' dir='ltr'><strong>de</strong></span> <span class='ocrx_word' id='word_1_359' title='bbox 354 5050 571 5144; x_wconf 87' lang='lat' dir='ltr'><strong>Conventa,</strong></span> <span class='ocrx_word' id='word_1_360' title='bbox 605 5074 677 5150; x_wconf 90' lang='lat' dir='ltr'><strong>pro</strong></span> <span class='ocrx_word' id='word_1_361' title='bbox 709 5072 789 5150; x_wconf 91' lang='lat' dir='ltr'><strong>quo</strong></span> <span class='ocrx_word' id='word_1_362' title='bbox 821 5048 939 5127; x_wconf 89' lang='lat' dir='ltr'><strong>fuerit</strong></span> <span class='ocrx_word' id='word_1_363' title='bbox 971 5049 1207 5127; x_wconf 88' lang='lat' dir='ltr'><strong>induendus.</strong></span> <span class='ocrx_word' id='word_1_364' title='bbox 1239 5048 1315 5126; x_wconf 89' lang='lat' dir='ltr'><strong>Nec</strong></span> <span class='ocrx_word' id='word_1_365' title='bbox 1340 5050 1567 5128; x_wconf 86' lang='lat' dir='ltr'><strong>Conventus</strong></span> <span class='ocrx_word' id='word_1_366' title='bbox 1594 5051 1742 5154; x_wconf 88' lang='lat' dir='ltr'><strong>aliquis</strong></span> <span class='ocrx_word' id='word_1_367' title='bbox 1767 5071 1814 5127; x_wconf 86' lang='lat' dir='ltr'><strong>re</strong></span> 
     </span>
     <span class='ocr_line' id='line_1_40' title="bbox 157 5164 1365 5267; baseline -0.003 -24"><span class='ocrx_word' id='word_1_368' title='bbox 157 5167 279 5267; x_wconf 87' lang='lat' dir='ltr'><strong>cipiat</strong></span> <span class='ocrx_word' id='word_1_369' title='bbox 308 5167 550 5243; x_wconf 86' lang='lat' dir='ltr'><strong>Conversum</strong></span> <span class='ocrx_word' id='word_1_370' title='bbox 582 5195 588 5240; x_wconf 94' lang='lat'><strong>:</strong></span> <span class='ocrx_word' id='word_1_371' title='bbox 620 5168 705 5243; x_wconf 93' lang='lat' dir='ltr'><strong>sine</strong></span> <span class='ocrx_word' id='word_1_372' title='bbox 735 5164 892 5243; x_wconf 90' lang='lat' dir='ltr'><strong>licentia</strong></span> <span class='ocrx_word' id='word_1_373' title='bbox 920 5166 1069 5242; x_wconf 91' lang='lat' dir='ltr'><strong>Prioris</strong></span> <span class='ocrx_word' id='word_1_374' title='bbox 1099 5164 1365 5244; x_wconf 90' lang='lat' dir='ltr'><strong>Provincialis.</strong></span> 
     </span>
    </p>

    <p class='ocr_par' dir='ltr' id='par_1_10' title="bbox 159 5280 1819 5615">
     <span class='ocr_line' id='line_1_41' title="bbox 207 5280 1816 5385; baseline -0.001 -27"><span class='ocrx_word' id='word_1_375' title='bbox 207 5281 344 5358; x_wconf 88' lang='lat' dir='ltr'><strong>Nullus</strong></span> <span class='ocrx_word' id='word_1_376' title='bbox 375 5282 595 5360; x_wconf 88' lang='lat' dir='ltr'><strong>Conversus</strong></span> <span class='ocrx_word' id='word_1_377' title='bbox 628 5283 839 5381; x_wconf 90' lang='lat' dir='ltr'><strong>recipiatur</strong></span> <span class='ocrx_word' id='word_1_378' title='bbox 874 5280 977 5357; x_wconf 83' lang='lat' dir='ltr'><strong>inira</strong></span> <span class='ocrx_word' id='word_1_379' title='bbox 1009 5280 1144 5356; x_wconf 87' lang='lat' dir='ltr'><strong>decem</strong></span> <span class='ocrx_word' id='word_1_380' title='bbox 1176 5291 1214 5358; x_wconf 95' lang='lat' dir='ltr'><strong>et</strong></span> <span class='ocrx_word' id='word_1_381' title='bbox 1243 5290 1333 5358; x_wconf 89' lang='lat' dir='ltr'><strong>octo</strong></span> <span class='ocrx_word' id='word_1_382' title='bbox 1361 5301 1518 5358; x_wconf 91' lang='lat' dir='ltr'><strong>annos:</strong></span> <span class='ocrx_word' id='word_1_383' title='bbox 1550 5303 1625 5360; x_wconf 94' lang='lat' dir='ltr'><strong>nec</strong></span> <span class='ocrx_word' id='word_1_384' title='bbox 1653 5294 1816 5385; x_wconf 88' lang='lat' dir='ltr'><strong>receptus</strong></span> 
     </span>
     <span class='ocr_line' id='line_1_42' title="bbox 159 5394 1818 5502; baseline 0.002 -31"><span class='ocrx_word' id='word_1_385' title='bbox 159 5398 225 5475; x_wconf 86' lang='lat' dir='ltr'><strong>tiat</strong></span> <span class='ocrx_word' id='word_1_386' title='bbox 252 5397 440 5489; x_wconf 86' lang='lat' dir='ltr'><strong>Clericus,</strong></span> <span class='ocrx_word' id='word_1_387' title='bbox 473 5399 547 5474; x_wconf 89' lang='lat' dir='ltr'><strong>nisi</strong></span> <span class='ocrx_word' id='word_1_388' title='bbox 576 5399 624 5475; x_wconf 92' lang='lat' dir='ltr'><strong>de</strong></span> <span class='ocrx_word' id='word_1_389' title='bbox 653 5398 810 5491; x_wconf 88' lang='lat' dir='ltr'><strong>licentia</strong></span> <span class='ocrx_word' id='word_1_390' title='bbox 838 5394 1012 5497; x_wconf 81' lang='lat' dir='ltr'><strong>Magistri</strong></span> <span class='ocrx_word' id='word_1_391' title='bbox 1040 5394 1206 5474; x_wconf 91' lang='lat' dir='ltr'><strong>Ordinis</strong></span> <span class='ocrx_word' id='word_1_392' title='bbox 1232 5394 1408 5494; x_wconf 90' lang='lat' dir='ltr'><strong>speciali.</strong></span> <span class='ocrx_word' id='word_1_393' title='bbox 1441 5394 1581 5475; x_wconf 88' lang='lat' dir='ltr'><strong>Nullus</strong></span> <span class='ocrx_word' id='word_1_394' title='bbox 1608 5400 1818 5502; x_wconf 86' lang='lat' dir='ltr'><strong>Religiosus</strong></span> 
     </span>
     <span class='ocr_line' id='line_1_43' title="bbox 159 5511 1819 5615; baseline 0.005 -28"><span class='ocrx_word' id='word_1_395' title='bbox 159 5514 358 5614; x_wconf 84' lang='lat' dir='ltr'><strong>protessus</strong></span> <span class='ocrx_word' id='word_1_396' title='bbox 386 5517 669 5612; x_wconf 84' lang='lat' dir='ltr'><strong>cujuscumque</strong></span> <span class='ocrx_word' id='word_1_397' title='bbox 697 5514 859 5592; x_wconf 92' lang='lat' dir='ltr'><strong>Ordinis</strong></span> <span class='ocrx_word' id='word_1_398' title='bbox 886 5511 1197 5592; x_wconf 91' lang='lat' dir='ltr'><strong>Mendicautium</strong></span> <span class='ocrx_word' id='word_1_399' title='bbox 1226 5512 1440 5615; x_wconf 86' lang='lat' dir='ltr'><strong>recipiatur</strong></span> <span class='ocrx_word' id='word_1_400' title='bbox 1465 5512 1516 5590; x_wconf 87' lang='lat' dir='ltr'><strong>ad</strong></span> <span class='ocrx_word' id='word_1_401' title='bbox 1544 5513 1740 5597; x_wconf 89' lang='lat' dir='ltr'><strong>Ordinem</strong></span> <span class='ocrx_word' id='word_1_402' title='bbox 1763 5537 1819 5594; x_wconf 88' lang='lat' dir='ltr'><strong>no·</strong></span> 
     </span>
    </p>
   </div>
   <div class='ocr_carea' id='block_1_6' title="bbox 0 0 2000 6082">
    <p class='ocr_par' dir='ltr' id='par_1_11' title="bbox 0 0 2000 6082">
     <span class='ocr_line' id='line_1_44' title="bbox 0 0 2000 6082; baseline 0 3"><span class='ocrx_word' id='word_1_403' title='bbox 0 0 2000 6082; x_wconf 95' lang='lat' dir='ltr'><strong> </strong></span> 
     </span>
    </p>
   </div>
  </div>
 </body>
</html>
