3990 6082
161 360 268 482 228
818 370 1173 479 OC'l'OBEll.

161 594 278 691 tino
303 585 661 728 Copronymo
687 590 888 727 saepius
915 588 1263 691 verberatus:
1293 584 1515 691 tandem
1548 591 1828 726 amputato

161 736 330 838 altero
360 732 500 871 pede
526 731 771 837 roddidit
795 733 1067 871 spiritum.
1097 730 1372 835 Arousicae
1391 733 1451 832 in
1475 730 1689 835 Collia:
1717 766 1823 836 san·

160 879 235 985 cti
280 876 578 981 Florentini
623 876 902 1016 Episcopi,
948 877 1048 1014 qui
1091 877 1279 978 multis
1323 879 1501 980 clarus
1541 878 1821 981 virtutibus

161 1023 373 1160 quievit
393 1024 450 1122 in
471 1052 622 1159 pace.
648 1021 874 1160 Copuae:
899 1023 1071 1123 sancti
1088 1018 1333 1124 Victoris
1353 1020 1635 1159 Episcopi,
1658 1018 1819 1127 erudi·

160 1164 314 1270 tione
340 1184 395 1269 et
421 1166 710 1268 sanctitate
736 1166 1039 1302 conspicui.
1400 1204 1407 1213 ·

122 1360 208 1464 vD
357 1359 790 1487 Quintode'cimo
815 1356 1086 1463 Kale'ndas
1108 1356 1459 1462 Nove'mbris:
1483 1356 1643 1462 Luna

159 1556 1810 1691 a'bedel'ghiklmnpqrstu

159 1714 1811 1803 20272829123456789101112131415

163 1826 1869 1949 ABCDEFFCHMle

160 1972 1869 2082 roussuaouaorraaasnu'

8 2172 67 2241 ora
94 2176 145 2241 n.
164 2140 428 2365 Nireus
448 2135 595 2239 beoti
616 2133 781 2238 Luoae
801 2130 1175 2269 Evangelistae.
1200 2128 1310 2253 Qui
1336 2131 1509 2234 multa
1531 2164 1717 2270 passus
1735 2160 1807 2270 pm

296 2281 501 2384 Christi
527 2278 754 2382 nomine
783 2308 794 2378 :
824 2272 1032 2415 Spiritu
1064 2295 1254 2379 sancto
1279 2275 1477 2414 plenus
1500 2274 1639 2381 obiit
1663 2278 1717 2381 in
1740 2273 1806 2379 lli·

162 2427 375 2566 thynia.
400 2421 575 2559 Cujus
600 2456 719 2525 ossa
740 2420 1282 2559 Constantinopolim
1311 2420 1573 2523 translata
1596 2438 1727 2525 sunt
1742 2452 1752 2523 ;
1768 2436 1806 2523 et

160 2570 293 2673 inde
334 2569 615 2672 Patavium
661 2564 855 2670 delata.
900 2562 1119 2665 Festum
1162 2578 1339 2661 totmu
1379 2557 1612 2699 Duplex.
1641 2558 1806 2667 Antio

160 2714 300 2817 chiae
329 2747 338 2816 :
369 2712 545 2815 sancti
591 2706 925 2850 Asclepiadis
970 2706 1269 2848 Episcopi;
1308 2709 1408 2845 qui
1449 2742 1595 2811 unus
1633 2707 1736 2813 fuit
1761 2738 1805 2811 ex

160 2859 424 2998 praeoloro
452 2856 759 2994 mortyrum
788 2856 1052 2956 numero:
1082 2853 1180 2989 qui
1204 2856 1309 2957 sub
1336 2852 1583 2957 Macrino
1608 2852 1805 2999 gloriose

161 3006 301 3141 passi
327 2996 561 3105 scothi
587 2998 861 3102 territorio
888 2995 1200 3101 Belvaconsi
1225 3029 1236 3101 :
1265 2998 1438 3102 sancti
1458 2995 1600 3100 lusti
1628 2998 1806 3136 morty·

164 3149 251 3270 ris,
292 3148 389 3283 qui
431 3143 618 3246 adhuc
661 3177 798 3281 puer
837 3143 894 3242 in
936 3140 1317 3279 persecutione
1365 3140 1689 3275 Diocletiani
1728 3136 1806 3245 sub

159 3290 336 3394 Rictio
362 3286 512 3391 Varo
537 3286 770 3426 praeside
811 3317 981 3387 caesus
1013 3304 1109 3388 est.
1138 3284 1505 3391 Neocaesaroae
1530 3284 1588 3388 iri
1624 3286 1804 3388 Ponto:

160 3435 335 3541 sancti
394 3430 740 3536 Athenodori
799 3428 1074 3568 Episcopi,
1130 3427 1309 3535 fratris
1358 3429 1532 3535 sancti
1583 3425 1806 3568 Gregorii

161 3577 693 3713 Thaumatorgi,qui
715 3574 967 3680 doctrina
989 3575 1164 3677 clarus
1183 3574 1241 3676 in
1264 3575 1649 3715 persecutione
1667 3573 1809 3678 Auro

162 3724 289 3827 liani
330 3721 656 3861 mmtyrium
695 3719 1110 3825 consummavit.
1152 3716 1343 3824 Romae
1364 3756 1383 3825 -:
1420 3738 1625 3824 sanotae
1660 3718 1810 3860 Thry·
1867 3652 1871 3831 l

164 3867 412 4006 phoniae,
438 3865 619 3967 uxoris
647 3862 937 4001 quondam
963 3862 1115 3966 Docii
1141 3859 1383 3985 Caesaris,
1406 3899 1534 4002 quae
1561 3865 1620 3967 in
1646 3880 1812 4006 crypta

154 4009 313 4146 juxta
335 4029 588 4114 sanctum
610 4005 979 4148 Hippolytum
998 4009 1211 4148 sepulta
1230 4027 1327 4113 est.

3 4188 10 4199 ⁸
100 4238 145 4305 IV
165 4220 210 4325 E
358 4214 794 4336 Quartode'cimo
816 4218 1089 4323 Kale'ndas
1109 4219 1434 4324 Novombris
1457 4249 1467 4321 :
1492 4218 1650 4321 Luna

157 4424 284 4523 ab
358 4426 1643 4563 otlel'glriklrnnpqrs
1721 4444 1820 4525 tu

160 4578 1826 4664 27282912345678storltulstltttt

159 4697 1825 4808 ABCDEFFCHMNP

162 4858 1831 4943 1718-19202122212223242526

2 5011 63 5080 Die
91 5016 141 5083 ¹9·
222 5032 250 5099 ιι
272 4996 535 5137 Hispania
561 5031 572 5099 :
601 5000 774 5101 sancti
807 4999 944 5101 Petri
965 4997 1034 5102 de
1054 4996 1349 5101 Alcontara
1375 4996 1717 5124 confessoris
1741 4996 1833 5105 Or

241 5141 386 5246 dinis
429 5142 746 5262 Minorum;
779 5145 876 5278 qui
923 5176 1023 5282 pro
1062 5144 1147 5246 sui
1187 5138 1408 5246 Ordinis
1448 5142 1834 5249 reformatione

163 5290 500 5415 gravissimas
532 5292 803 5390 aerumnas
829 5322 892 5389 ac
918 5288 1128 5391 labores
1162 5320 1383 5426 passus:
1411 5289 1719 5395 innumeris
1746 5322 1836 5394 oo·

166 5435 398 5535 rusoavit
418 5434 709 5536 miraculis
728 5428 948 5531 Festum
970 5426 1224 5568 Simplex,
1249 5430 1445 5539 Romae
1466 5464 1479 5539 ε
1502 5434 1700 5540 natalis
1719 5466 1837 5539 san·
