3990 6082
163 412 269 516 270
810 411 1220 523 DECEMBER.

165 640 306 721 stum
352 627 532 722 totum
573 621 800 761 Duplex.
843 625 1069 729 Romae:
1099 626 1276 729 sar‘rcti
1305 624 1634 731 Melcbiadis
1662 627 1819 766 Papae.

165 768 275 890 Qui
314 769 372 869 in
397 767 780 906 persecutione
807 766 1125 871 Maximiani
1164 771 1340 872 muita
1366 804 1558 911 passus
1588 803 1599 875 :
1630 772 1823 876 reddita

165 912 423 1017 Ecclesiae
460 945 595 1051 pace
621 913 833 1048 quierit
859 916 916 1015 in
958 912 1214 1015 Demino.
1240 913 1453 1019 Eodem
1478 915 1568 1020 die
1591 948 1602 1018 :
1629 919 1821 1021 sancta

164 1091 291 1160 rum
318 1057 626 1220 martyrum
652 1052 998 1225 Carpophori
1028 1057 1335 1197 Presbyteri
1365 1078 1418 1164 et
1445 1059 1698 1163 Abrindii
1719 1060 1821 1164 Dia·

165 1201 309 1306 coni.
352 1202 511 1322 Qui
497 1235 552 1302 m
595 1202 978 1336 perseeutione
1016 1200 1343 1305 Diocletiani
1384 1205 1566 1374 primo
1605 1204 1819 1309 fustibus

167 1344 539 1451 crudelissime
578 1346 720 1471 oaesi,
759 1342 998 1448 deinde
984 1380 1043 1446 m
1071 1347 1362 1470 carcerem,
1394 1351 1594 1484 negato
1635 1351 1816 1454 ciboet

168 1506 327 1653 potu,
356 1490 591 1591 retrrisi:
622 1508 675 1592 et
702 1523 923 1590 rursum
950 1489 1004 1590 in
1036 1491 1274 1626 equuleo
1300 1493 1457 1615 torti;
1487 1498 1540 1598 et
1569 1513 1694 1663 post
1714 1494 1815 1597 haec

168 1634 302 1739 diu
287 1667 346 1735 1n
368 1635 581 1739 carcere
603 1635 859 1736 macerati
883 1669 893 1739 :
923 1634 1207 1737 novissime
1230 1636 1410 1771 gladio
1430 1641 1669 1775 percrissi
1691 1657 1815 1741 sunt.

168 1776 424 1881 'Emeritae
462 1779 519 1879 in
560 1775 858 1915 Hispania:
889 1779 1064 1916 passio
1102 1797 1306 1884 sanctae
1345 1778 1572 1885 Eulaliae
1598 1783 1813 1918 virginis.

168 1920 308 2046 Quae
333 1923 438 2024 sub
478 1922 810 2026 Maximiano
842 1923 1192 2061 imperatore,
1228 1944 1521 2029 comesset
1561 1928 1812 2029 annornm

168 2065 485 2183 duodecim,
501 2065 658 2200 jussu
682 2066 908 2169 Daciani
932 2066 1180 2204 praesidis
1200 2100 1301 2204 pro
1323 2068 1665 2175 confessidne
1686 2068 1815 2174 Chri·

167 2212 234 2314 sti
258 2210 493 2349 piurima
516 2215 790 2313 tormenta
813 2214 1065 2348 perpessa
1090 2230 1170 2314 est
1192 2245 1202 2313 :
1223 2213 1512 2319 novissime
1527 2216 1586 2316 in
1603 2217 1815 2350 equriico

167 2358 448 2495 suspensa,
478 2371 531 2456 et
551 2356 913 2489 exungulata3
939 2351 1130 2457 faculis
1149 2355 1478 2459 ardentibus
1504 2392 1569 2462 ex
1599 2360 1814 2495 utreque

170 2501 334 2603 latere
372 2499 675 2637 appositis:
718 2500 918 2602 hausto
955 2499 1082 2633 igne
1115 2501 1371 2636 spiritum
1411 2501 1675 2607 reddidit.
1710 2508 1815 2607 item

166 2642 373 2746 ibidem
403 2674 413 2744 :
455 2660 658 2747 sanctae
694 2641 852 2747 hiliae
880 2642 1100 2777 virginis
1127 2662 1181 2746 et
1222 2645 1493 2784 martyris3
1516 2680 1647 2783 quae
1665 2648 1815 2751 beata

169 2787 397 2891 Eulaliae
435 2787 580 2890 sacia
608 2787 747 2888 fuit:
783 2804 837 2889 et
867 2786 943 2889 iili
970 2786 1051 2913 ad,
1070 2787 1379 2924 passidnem
1408 2793 1725 2929 properanti
1748 2821 1815 2892 co·

167 2966 282 3038 mes
301 2929 590 3034 individua
612 2931 862 3034 adhaesit.

133 3127 211 3237 ΕΒ
573 3123 907 3228 lertioldus
930 3124 1285 3230 Decembris:
1309 3121 1461 3225 Luna

171 3322 783 3424 aococfo·
752 3324 1818 3456 ghikirnnpqrstu

164 3466 1818 3554 ataaaanttsatutaaaartst5678910

169 3593 1817 3706 ABCDEFiGHMnP

164 3756 206 3831 n
310 3752 356 3831 n
457 3752 504 3829 ra
599 3753 645 3829 n
747 3752 794 3830 15
897 3752 942 3831 ro
1045 3753 1091 3829 ra
1192 3749 1238 3827 ro
1342 3750 1386 3826 n
1480 3748 1526 3826 ra
1629 3744 1819 3828 nn

14 3939 74 4004 nu
103 3946 152 4005 n.
268 3927 375 3996 ann
404 3923 414 3993 :
444 3893 616 3993 sancti
647 3889 864 3993 Damasi
898 3890 1057 4030 Papae
1084 3907 1137 3993 et
1163 3887 1500 3992 confessoris.
1529 3886 1640 4010 Qui
1668 3887 1821 4026 Apol·

279 4038 504 4139 linarem
529 4037 946 4140 haeresiarcham
968 4034 1277 4136 damnavit:
1294 4051 1347 4136 et
1369 4032 1590 4136 Petrum
1611 4032 1824 4209 Episco

163 4217 301 4323 pum
344 4179 780 4285 Alexandrinum
825 4181 1077 4313 fugatum
1129 4177 1395 4298 restituit;
1440 4176 1614 4279 multa
1665 4178 1826 4281 etiam

161 4326 481 4434 sanctarum
509 4327 815 4464 martyrum
835 4325 1088 4493 corpora
1113 4322 1359 4425 invenit:
1390 4325 1698 4456 eorumque
1724 4356 1830 4427 me-

164 4473 363 4576 merias
383 4471 629 4573 versibus
650 4468 948 4572 exornavit.
971 4471 1248 4574 Meritoria.
1274 4470 1399 4569 ltem
1423 4465 1638 4569 Romae.
1657 4466 1831 4603 passio

162 4619 334 4722 sancti
373 4613 687 4718 Thrasdnis.
729 4611 836 4733 Qui
878 4645 1009 4715 cum
1045 4607 1384 4715 Christianos
1423 4611 1792 4714 laborantes
1777 4647 1835 4714 1n

162 4761 408 4878 thermis,
448 4759 675 4893 aliisque
700 4758 961 4895 operibus
987 4757 1221 4895 pribiiois
1240 4754 1507 4888 fatigatos
1535 4770 1589 4859 et
1622 4754 1683 4856 in
1723 4758 1839 4859 car·

162 4941 283 5014 cere
322 4904 528 5042 pesitos
567 4900 636 5005 de
672 4903 783 5005 suis
821 4900 1176 5005 facultatibus
1202 4901 1388 5003 aieret·
1379 4899 1642 5035 ‚jubente
1664 4896 1838 5004 Maxi·

163 5054 348 5156 miano
369 5066 588 5151 tentus:
613 5079 739 5149 cum
763 5046 879 5149 aliis
901 5044 1123 5148 ducibus
1145 5045 1412 5147 Pontiano
1433 5061 1486 5146 et
1509 5043 1838 5147 Praetextato

160 5196 422 5333 martyrio
444 5194 736 5296 coronatus
756 5211 851 5295 est.
881 5190 1166 5299 Ambiani:
1182 5189 1498 5293 sanctarum
1523 5189 1838 5327 martyrum

160 5338 427 5446 Victorioi
448 5356 501 5443 et
523 5337 776 5441 Fusciani
798 5338 904 5439 sub
926 5334 1156 5438 eddem
1142 5334 1490 5472 imperatore
1506 5331 1561 5433 ln
1587 5366 1839 5508 quornm

165 5484 388 5590 naribus
421 5502 473 5588 et
503 5480 771 5586 auribus
750 5483 914 5618 Jussit
937 5478 1153 5584 Rictius
1183 5476 1362 5581 Varus
1387 5509 1582 5616 praeses
1607 5479 1839 5585 immitti
