3990 6082
761 379 1115 515 octonae.
1681 363 1786 492 aas

124 597 374 737 Episcopi
403 597 880 735 Rhotomagonsis‚
904 600 1124 721 Quirini
1154 598 1480 737 Presbyteri,
1509 595 1787 701 Seubiculi

124 741 366 860 Dioconi‚
407 760 461 844 et
500 744 723 847 Pienriae
764 747 1000 878 virginis,
1041 745 1146 847 sub
1174 742 1407 879 praeside
1431 742 1787 846 Fescennino.

124 880 175 986 ln
216 883 538 989 Thebaide:
566 891 738 991 sancti
762 890 1038 1009 Sarmatae,
1069 888 1325 1025 discipuli
1351 888 1497 989 beati
1519 884 1786 987 Antonini

124 1031 363 1150 obbatis,
387 1032 485 1168 qui
507 1064 537 1131 a
557 1028 835 1137 Saracenis
858 1067 955 1170 pro
979 1029 1197 1134 Christo
1218 1035 1444 1135 necatus
1465 1050 1557 1135 est.
1586 1021 1787 1132 ttce'riae

124 1176 173 1274 in
202 1172 377 1276 Gallia
405 1174 450 1275 N
454 1176 949 1279 arbonensi:sancti
970 1175 1012 1277 F
1016 1177 1197 1278 irrnini
1221 1173 1478 1314 Episcopi
1501 1194 1553 1277 et
1574 1174 1788 1278 conl'es-

124 1319 266 1420 soris.
300 1311 476 1456 Lyriae
514 1320 571 1420 iu
595 1317 777 1457 Belgio
806 1353 816 1421 ε
847 1318 1117 1458 depositio
1144 1323 1316 1423 sancti
1340 1319 1629 1423 Gummari
1652 1350 1786 1421 con·

124 1459 346 1566 fessoris.
371 1452 529 1563 'l'arsi
555 1465 609 1562 in
633 1463 818 1566 Cilicia
843 1497 853 1564 :
877 1467 1189 1566 sanctarum
1216 1465 1509 1567 mulierum
1536 1459 1790 1564 Zenaidis

124 1626 169 1708 et
192 1605 495 1708 Philonillae
512 1609 782 1724 sororum,
804 1642 932 1743 quae
951 1610 1096 1711 beati
1122 1609 1269 1710 Pauli
1295 1607 1539 1745 Apostoli
1563 1639 1791 1710 consan-

124 1751 348 1882 guineae,
378 1766 429 1851 et
456 1750 513 1848 in
540 1747 650 1854 lide
691 1751 916 1854 fuorunt
941 1751 1240 1891 discipulae.
1280 1744 1550 1855 Veronae:
1592 1767 1793 1853 sanctae

124 1892 370 1996 Placidiae
390 1894 629 2027 virginis.

517 2084 734 2198 Quarto
764 2086 888 2189 ldus
917 2085 1205 2190 Octobris:
1232 2088 1386 2189 Luna
1750 2085 1852 2188 Eu

124 2305 143 2370 a
214 2272 247 2369 b
311 2309 339 2371 c
398 2271 442 2403 Ι(1
511 2305 538 2370 e
604 2275 708 2408 lg
770 2276 808 2373 h
879 2277 890 2371 i
959 2277 990 2375 k
1063 2277 1074 2372 Ι
1137 2310 1185 2373 nr
1243 2311 1273 2369 n
1339 2308 1373 2408 p
1437 2309 1472 2407 q
1535 2308 1555 2369 r
1612 2309 1634 2372 s
1696 2293 1793 2372 tu

124 2433 1788 2517 20111113111516171819113456189

124 2546 1795 2659 ABCDttFl‘GttMNP

124 2712 170 2787 lll
273 2711 314 2786 11
419 2710 464 2789 1⁶2
568 2713 614 2789 13
712 2715 757 2790 ll
860 2719 906 2790 lii
1006 2713 1051 2790 11
1155 2714 1200 2790 15
1302 2712 1349 2789 16
1452 2714 1496 2788 ll
1618 2713 1663 2788 18
1754 2710 1799 2787 19

127 2872 403 3091 Bononia
420 2895 430 2964 :
447 2866 591 2967 beati
614 2866 805 2970 lacobi
827 2869 1116 2969 Alemanni
1139 2868 1259 2970 laici
1284 2865 1509 2968 Ordinis
1534 2865 1862 2967 praedica-oe
1895 2890 1945 2951 tt.

249 3006 464 3130 torurn;
491 3043 660 3144 quem
701 3011 845 3114 Deus
884 3014 939 3111 iu
969 3014 1221 3115 exercitio
1250 3012 1598 3114 heroicarum
1620 3010 1791 3109 virtti-

131 3173 266 3271 tum,
290 3185 352 3252 ac
375 3155 651 3291 praecipue
672 3157 730 3255 in
750 3156 1062 3258 bumilitate
1082 3157 1300 3258 eximia:
1327 3153 1460 3256 caelo
1480 3153 1791 3273 amabilem,

130 3318 181 3398 et
224 3295 379 3396 terris
420 3296 723 3401 mirabilem
757 3298 954 3404 effecit.
994 3293 1214 3396 Festum
1254 3293 1483 3428 Duplex.
1515 3292 1795 3399 Ravennae

131 3441 215 3542 via
246 3437 563 3542 Lauretina:
585 3442 777 3544 natolis
797 3444 968 3545 sancti
997 3440 1189 3544 Edistii
1214 3443 1481 3578 martyris.
1498 3435 1561 3541 ln
1582 3441 1790 3570 Africa:
1878 3534 1885 3547 .

129 3584 446 3686 sauctorum
471 3582 858 3687 Confessornnr
886 3607 939 3688 et
967 3587 1273 3724 Martyrum
1294 3588 1537 3720 quotuor
1562 3586 1792 3688 millium

133 3729 537 3855 nongentorum
560 3733 834 3866 sexaginta
854 3763 963 3855 sex,
993 3732 1050 3829 in
1072 3729 1451 3868 persecutione
1470 3727 1794 3831 Wandalica

127 3871 236 3975 sub
256 3867 574 3973 Hunnerico
600 3907 719 4010 rege
746 3875 965 4001 Ariano.
996 3871 1106 3996 Qui
1128 3907 1255 3974 cunr
1277 3891 1452 3976 essent
1474 3874 1675 4013 partim
1695 3868 1796 3974 Ec·

130 4014 419 4119 clesiorum
448 4012 546 4117 Dei
574 4017 852 4155 Episcopi,
881 4020 1082 4157 partim
1110 4017 1414 4155 Presbyteri
1441 4035 1494 4117 et
1521 4016 1752 4119 Dioconi
1781 4042 1793 4114 ε

128 4157 402 4261 associatis
428 4159 529 4259 sibi
562 4163 734 4265 turbis
760 4161 1009 4265 lide'lium
1030 4162 1384 4299 populorum,
1407 4193 1508 4298 pro
1529 4159 1797 4264 defensio·

131 4336 205 4406 ne
219 4298 520 4405 Catholicae
545 4306 804 4428 veritatis,
821 4306 879 4407 in
911 4304 1184 4407 horribilis
1204 4304 1370 4407 eremi
1392 4304 1639 4407 exsilium
1660 4309 1793 4409 trusi

131 4464 282 4549 sunt.
313 4443 395 4547 Ex
421 4446 626 4581 quibus
652 4450 892 4586 plorimi,
921 4447 1058 4550 dum
1079 4447 1374 4551 crudeliter
1399 4482 1428 4548 a
1456 4446 1661 4560 Mauris
1686 4448 1794 4551 du·

135 4593 409 4709 cerentur,
450 4591 728 4693 hastilium
751 4594 1073 4731 cuspidibus
1099 4590 1168 4693 ad
1192 4591 1528 4694 currendum
1555 4592 1794 4730 impolsi,

133 4751 192 4837 et
228 4732 503 4871 lapidibus
542 4739 729 4839 tunsi:
771 4737 859 4839 alii
886 4738 1060 4873 ligatis
1087 4734 1323 4874 pe'dibus
1350 4736 1498 4838 velut
1534 4735 1795 4840 cadovera

134 4910 236 5016 per
254 4874 393 4978 dura
413 4894 466 4977 et
486 4880 672 5018 aspera
686 4882 802 4983 loca
819 4882 996 5002 tracti,
1014 4898 1067 4982 et
1088 4878 1795 5014 singulismembrisdiscer·

137 5020 217 5160 pti
236 5052 248 5140 ;
277 5019 345 5121 ad
373 5026 676 5128 extremum
696 5027 840 5128 vorle
860 5025 1155 5128 excruciati
1177 5056 1189 5124 :
1212 5024 1539 5162 martyrium
1562 5024 1797 5128 celebra-

136 5162 465 5266 runt.Erant
490 5168 635 5272 inter
660 5204 749 5274 eos
777 5170 1041 5309 praecipui
1066 5166 1284 5270 Domini
1311 5163 1628 5271 Sacerdotes
1649 5167 1797 5272 Felix

138 5325 195 5411 et
224 5304 533 5447 Cyprionus
559 5312 833 5454 Episcopi.
853 5311 1156 5417 Mediolani
1184 5344 1195 5415 :
1236 5311 1409 5414 sancti
1430 5308 1611 5414 Monae
1637 5312 1796 5452 Epis·

140 5453 284 5591 copi.
313 5450 422 5575 Qui
451 5488 578 5557 eum
618 5458 686 5564 de
714 5460 987 5598 Episcopo
1012 5453 1263 5593 eligendo
1288 5458 1556 5593 ageretur,
1593 5458 1789 5574 caelesti
