3990 6082
504 361 603 440 Dist.
635 363 665 439 l.
695 361 751 440 De
775 360 908 456 Gruou',
929 371 965 440 et
991 361 1172 441 &autori
1201 362 1337 465 Culpa.
1704 366 1752 448 to

74 510 355 609 procurandis,
377 511 557 591 Vestiarii
585 513 627 589 in
653 512 826 592 vestibus
843 514 1110 612 providendis,
1134 515 1415 605 custodiendis,
1434 526 1473 597 et
1500 518 1747 612 reficiendis;

74 617 329 704 intirmorum
357 626 499 707 Custos
525 629 566 704 in
596 629 768 707 infirmis
795 629 1080 729 custodiendis,
1111 632 1390 732 procurandis,
1428 644 1467 712 et
1510 633 1748 730 reficiendis,

75 750 116 818 et
146 742 315 820 mortuis
343 743 573 823 necessariis
592 745 865 824 ministrandis
886 775 893 822 :
916 754 954 824 et
976 746 1095 824 ceteri
1120 747 1162 824 in
1180 745 1321 826 officiis
1339 750 1436 846 suis,
1457 759 1499 828 ut
1529 751 1750 850 injunctum

76 868 138 935 est
166 856 237 935 eis.
259 858 462 955 Clamatis,
483 860 542 939 vel
569 860 909 961 proclamantibus
936 885 977 940 se
995 861 1044 939 de
1064 862 1301 963 supradictis
1321 894 1329 940 ε
1350 865 1465 945 detur
1491 866 1747 968 poenitentia,

77 974 299 1053 secundum
332 976 440 1075 qnod
473 975 649 1054 Praelata
684 977 883 1056 videbitur
908 978 1106 1078 expedire.

230 1172 291 1251 De
321 1172 477 1251 Groui
510 1173 707 1275 Culpa:
743 1177 1261 1277 decituumscptimum
1297 1178 1600 1279 Capitulum.

78 1386 258 1570 Gravis
282 1372 398 1474 culpa
416 1381 476 1451 est
497 1401 505 1450 ε
528 1373 560 1452 si
586 1374 677 1473 quis
705 1374 913 1453 inhoneste
934 1377 975 1452 in
1003 1374 1203 1455 audientia
1223 1376 1481 1456 saecularium
1508 1400 1597 1457 cum
1617 1376 1751 1482 aliquo

151 1486 458 1580 -contenderit;
492 1489 525 1566 si
561 1491 697 1568 Frater
731 1512 819 1566 cnm
858 1493 990 1571 Fratre
1025 1493 1131 1572 intus
1161 1494 1221 1571 vel
1246 1502 1353 1572 extra
1381 1493 1470 1573 lites
1494 1495 1696 1574 babuerit:
1718 1495 1751 1573 si

77 1602 173 1704 quis
212 1602 329 1682 alicui
357 1603 481 1716 Fratri
505 1604 768 1706 opprobrium
811 1605 966 1687 dixerit.
998 1608 1037 1687 Si
1068 1609 1156 1710 quis
1193 1609 1444 1688 mendacium
1480 1609 1531 1688 de
1558 1610 1751 1690 industria

77 1718 229 1798 dixisse
250 1720 520 1821 deprehensus
542 1721 686 1813 luerit3
714 1723 744 1798 si
771 1721 862 1821 quis
888 1722 1088 1801 silentium
1109 1746 1187 1803 non
1207 1733 1340 1803 tenere
1365 1724 1751 1804 inconsuetudinem

76 1835 267 1915 duxerit:
298 1836 329 1913 si
366 1837 458 1937 quis
484 1837 641 1939 culpam
672 1861 797 1934 suam,
831 1837 889 1915 vel
919 1837 1081 1918 alterius
1108 1840 1340 1921 defenderit.
1374 1840 1415 1920 Si
1440 1842 1531 1942 quis
1554 1841 1595 1918 in
1623 1839 1749 1937 ilium,

75 1974 102 2030 a
131 1973 214 2053 quo
244 1951 509 2052 proclamatus
543 1961 616 2048 est,
655 1952 714 2031 vel
754 1954 794 2031 in
831 1955 1050 2056 quemlibet
1087 1954 1206 2034 alium
1242 1956 1483 2053 maledicta,
1525 1979 1593 2034 seu
1637 1955 1755 2034 rerba

76 2066 305 2147 inordinata
334 2077 373 2147 et
399 2067 619 2170 irreligiosa
648 2069 843 2149 malitiose
871 2071 1064 2149 invexisse
1114 2072 1382 2173 deprehensus
1425 2073 1566 2151 fuerit:
1605 2071 1754 2174 siquis

77 2184 207 2262 Fratri
241 2186 493 2285 praeteritam
520 2184 693 2286 culpam,
725 2210 796 2287 pro
823 2211 901 2288 qna
929 2187 1129 2281 satisiecit,
1154 2189 1491 2289 improperaverit.

130 2299 230 2378 item
266 2300 394 2400 gravis
426 2300 542 2402 culpa
576 2311 648 2394 est,
669 2302 701 2380 si
725 2304 815 2402 quis
843 2303 945 2380 mala
975 2304 1024 2380 de
1052 2304 1267 2397 Fratribus,
1288 2314 1354 2383 aut
1383 2303 1573 2388 Patribus.
1599 2302 1659 2381 vel
1685 2304 1755 2381 do·

77 2415 218 2495 nribus
244 2417 340 2510 suis,
367 2416 423 2494 vel
446 2417 660 2496 Sororibus
690 2419 885 2497 malitiose
912 2421 1157 2498 evornuerit:
1187 2443 1289 2521 quae
1313 2420 1540 2499 testimonio
1577 2421 1754 2497 Fratrum

77 2562 246 2619 suorum
275 2540 442 2640 probare
470 2541 703 2642 nequiverit.
730 2543 768 2618 Si
797 2543 887 2643 quis
915 2542 1063 2643 absque
1094 2542 1268 2641 licentia,
1292 2554 1329 2622 et
1357 2566 1497 2641 magna
1525 2541 1755 2621 necessitate

77 2656 330 2759 equitaverit,
361 2656 419 2735 vel
451 2679 590 2736 carnes
617 2657 863 2736 comederit:
892 2658 1098 2736 ueletiam
1131 2661 1172 2735 in
1199 2661 1257 2737 via
1286 2659 1495 2760 pecuniam
1523 2656 1751 2758 portamrit,

76 2773 140 2855 rel
179 2774 328 2875 portari
365 2774 646 2874 procuraverit.
685 2774 726 2854 Si
761 2774 851 2875 quis
885 2773 1106 2876 procedens
1144 2775 1211 2853 ubi
1244 2775 1414 2853 feminae
1453 2783 1558 2869 sunt,
1593 2771 1753 2853 oculum

79 2892 239 2981 iixerit3
266 2890 309 2986 (si
333 2901 463 2967 tamen
491 2890 567 2969 boc
592 2890 632 2965 in
658 2913 731 2968 usu
750 2889 931 2969 babuerit
953 2920 960 2966 :
982 2894 990 2985 t
1015 2890 1073 2968 vel
1092 2914 1181 2969 cnm
1205 2891 1350 2969 femina
1369 2890 1477 2969 solus
1497 2913 1575 2969 non
1594 2888 1644 2967 dc
1661 2911 1752 2969 con-

78 3005 321 3087 fessionibus
342 3004 400 3082 vel
428 3004 606 3084 honestis
634 3004 788 3085 locutus
815 3004 943 3083 suerit.
967 3006 1009 3083 Si
1035 3007 1125 3107 quis
1143 3007 1293 3106 jejunia
1312 3008 1362 3084 ab
1383 3005 1556 3085 Ecclesia
1576 3003 1753 3085 instituta

78 3123 271 3225 fregerit:
308 3121 394 3199 sine
422 3143 538 3198 causa
572 3131 611 3198 et
643 3120 813 3198 licentia.
849 3121 890 3200 si
927 3121 1018 3222 quis
1052 3122 1202 3200 litteras
1233 3122 1348 3199 alicui
1384 3121 1549 3217 miserit,
1579 3119 1636 3199 vel
1677 3120 1753 3200 sibi

79 3240 225 3318 missas
252 3237 403 3337 legarit,
433 3259 533 3337 quas
568 3236 755 3336 primitus
794 3259 867 3316 sno
900 3236 1142 3315 Praesidenti
1172 3259 1251 3315 non
1278 3236 1520 3316 ostenderit:
1557 3233 1754 3337 Magistris

78 3357 121 3434 in
151 3353 381 3454 Theologia,
410 3362 449 3431 et
485 3352 794 3452 inquisitoribus
832 3353 1052 3431 baereticae
1085 3352 1307 3454 pravitatis,
1336 3363 1375 3430 et
1412 3349 1754 3430 Praedicatoribus

81 3468 341 3553 Generalibus
363 3468 566 3548 dumtaxat
591 3468 775 3569 exceptis.

131 3588 210 3666 Pro
236 3584 464 3685 huiusmodi
491 3583 632 3683 culpis,
653 3591 692 3662 et
719 3584 781 3661 bis
810 3584 1024 3681 similibus,
1049 3583 1204 3661 veniam
1231 3582 1471 3684 petentibus,
1493 3590 1531 3661 et
1558 3604 1635 3661 non
1665 3603 1754 3681 pro·

81 3703 258 3783 clamatis
280 3730 287 3777 :
309 3710 389 3778 tres
408 3701 675 3778 correctiones
693 3700 734 3777 in
752 3700 934 3799 Capitulo
954 3700 1111 3795 dentur,
1133 3710 1170 3777 et
1190 3709 1271 3778 tres
1296 3698 1383 3777 dies
1404 3700 1576 3801 inpane,
1597 3709 1635 3775 et
1654 3719 1753 3800 aqua

79 3823 273 3920 jejunent.
293 3815 481 3895 Clamatis
508 3839 630 3896 vero:
661 3840 738 3894 urna
765 3817 864 3913 dies,
893 3826 931 3896 et
958 3838 1034 3895 una
1056 3815 1249 3895 correctio
1276 3814 1576 3916 superaddatur.
1600 3815 1755 3892 Praeter

82 3937 183 4015 baec
205 3945 336 4012 autem
365 3930 506 4009 Psalmi
532 3940 570 4010 et
594 3934 742 4029 veniae,
764 3933 981 4012 secundum
1001 3931 1109 4035 quod
1129 3930 1358 4010 discretioni
1380 3930 1606 4034 Superioris
1628 3931 1753 4007 visum

80 4052 225 4133 inerit:
258 4072 329 4152 pro
357 4049 547 4151 qualitate
573 4049 781 4150 culparum
809 4050 1080 4149 injungantur.

130 4166 280 4246 Eadem
307 4187 433 4267 poena
460 4165 571 4267 digni
595 4172 715 4242 sunt:
746 4165 815 4266 qui
840 4174 1050 4267 postquam
1081 4165 1188 4244 missi
1218 4165 1377 4260 fuerint,
1400 4165 1484 4242 sine
1510 4163 1667 4243 licentia
1696 4186 1753 4243 re·

80 4285 179 4365 verti
206 4282 541 4384 praesumpserint
565 4309 575 4372 ;
604 4280 665 4358 vel
692 4282 793 4359 ultra
819 4281 1032 4359 terminum
1060 4280 1136 4357 sibi
1157 4281 1400 4380 assignatum
1423 4301 1572 4357 moram
1592 4277 1754 4356 t‘ecerint

83 4402 170 4480 sine
196 4396 423 4477 rationabili
451 4419 595 4475 eausa:
624 4396 684 4476 vel
712 4399 743 4476 si
771 4397 861 4499 quis
879 4419 951 4497 pro
968 4397 1085 4492 victu,
1107 4406 1146 4475 et
1164 4394 1321 4491 vestitu,
1343 4394 1401 4473 vel
1419 4393 1598 4495 qualibet
1615 4392 1691 4471 alia
1711 4413 1753 4467 re

81 4515 400 4596 murmuraverit.
423 4514 563 4591 Caveat
587 4521 717 4592 autern
748 4512 915 4612 quilibet
945 4512 1091 4607 Frater,
1112 4535 1161 4591 ne
1189 4512 1407 4613 proclamet
1426 4509 1599 4610 aliquem
1621 4509 1660 4586 in
1680 4506 1752 4587 Ca·

82 4631 213 4737 pitulo
245 4631 295 4708 de
331 4630 497 4707 crimine
530 4629 658 4723 tetiam
693 4628 743 4706 de
775 4626 936 4706 auditu:
959 4648 969 4726 t
1001 4628 1077 4707 nisi
1098 4629 1228 4731 ipsum
1247 4626 1398 4706 crimen
1424 4625 1548 4727 possit
1567 4623 1749 4725 probare.

81 4737 201 4848 Quod
228 4747 261 4824 si
288 4755 493 4824 accusatus
522 4744 733 4847 negaverit,
765 4754 804 4822 et
832 4766 1022 4823 accusans
1049 4745 1087 4822 in
1120 4743 1352 4845 probatione
1378 4741 1593 4821 deiecerit:
1623 4761 1751 4842 poena

81 4873 266 4944 accusato
305 4861 441 4940 debita
485 4863 684 4962 puniatur.
716 4859 771 4938 Ne
798 4868 927 4939 autem
954 4860 1049 4940 vitia
1075 4858 1349 4940 occultentur:
1382 4856 1561 4937 Praelata
1587 4877 1657 4934 suo
1685 4854 1749 4931 de·

79 4981 249 5074 nuntiet,
279 4977 387 5080 quod
413 4978 555 5057 viderit
580 4976 639 5055 vel
666 4975 849 5055 audierit.

182 5177 245 5254 De
281 5174 530 5254 Grauiori
564 5172 768 5274 Culpa:
805 5173 1312 5252 decimumoctavum
1339 5170 1650 5271 Capitulum.

157 5397 289 5454 mmor
314 5374 431 5475 culpa
457 5384 529 5470 est,
548 5373 582 5452 si
608 5373 698 5473 quis
720 5396 791 5475 per
817 5370 1119 5465 contumaciam,
1145 5368 1204 5447 vel
1224 5366 1472 5446 manifestam
1493 5365 1751 5447 rebellionem

82 5392 408 5576 Ginobediens
430 5490 609 5569 Praelata
638 5510 712 5567 suo
738 5486 957 5566 exstiterit:
989 5482 1047 5562 vel
1075 5504 1165 5561 cum
1188 5504 1235 5563 eo
1259 5483 1363 5562 intus
1381 5480 1439 5561 vel
1458 5482 1556 5563 ioris
1572 5491 1755 5585 proterve
