3990 6082
161 380 210 465 26
523 380 621 461 Dist.
654 378 787 458 1ch
822 372 1001 458 electiortc
1036 376 1186 455 ramo
1211 372 1485 458 Provincialis.

162 539 274 637 cujus
300 534 474 616 officium
497 535 572 613 erit
597 534 744 611 babere
769 531 1016 633 diligentiam
1035 531 1138 607 circa
1156 532 1414 628 Conventum,
1435 543 1475 613 et
1494 536 1703 636 corripere
1718 538 1824 617 delia·

164 663 358 754 quantes:
391 663 429 731 et
458 652 498 728 in
533 649 623 727 aliis
654 656 847 749 quantum
881 647 997 726 Prior
1022 647 1290 748 assignaverit,
1311 648 1372 727 vel
1399 650 1435 726 ei
1460 652 1707 750 permiserit.
1729 653 1822 732 ldem

164 782 294 852 autem
319 770 515 872 Supprior
542 777 697 847 mortuo
725 768 875 862 Priore,
897 767 956 846 vel
986 776 1132 863 amoto,
1156 768 1259 846 vices
1286 771 1368 867 ejus
1387 770 1427 845 in
1453 771 1649 849 omnibus
1668 774 1824 873 plenarie

162 891 364 978 obtineat;
402 906 608 987 quousque
646 884 758 961 Prior
792 881 970 980 ejusdem
1003 881 1078 959 loci
1116 882 1232 961 luerit
1263 883 1409 963 electus
1440 895 1479 963 et
1507 888 1777 985 confirmatus,
1793 903 1824 967 at

165 1007 205 1082 in
235 1004 355 1082 domo
388 1021 575 1101 praesens
602 998 819 1079 exstiterit:
853 996 929 1072 nisi
969 996 1083 1075 Prior
1115 997 1373 1076 Provincialis
1411 999 1530 1077 aliter
1575 1002 1821 1081 ordinaverit.

166 1123 209 1199 ln
236 1117 479 1220 quotidianis
502 1136 594 1191 vero
622 1111 810 1213 Capitulis
835 1133 914 1188 non
945 1116 1148 1189 accusetur
1176 1111 1398 1212 supprior:
1426 1115 1502 1191 nisi
1531 1115 1823 1219 aliquandopro

164 1236 299 1336 aliquo
333 1232 470 1331 majori
499 1249 673 1322 excessu,
703 1225 921 1305 secundum
948 1228 1056 1326 quod
1086 1226 1211 1305 Priori
1239 1227 1365 1306 visum
1392 1228 1523 1324 luerit,
1554 1231 1820 1330 proclametur.

214 1349 255 1428 Si
281 1371 372 1429 vero
399 1355 555 1424 mortuo
582 1343 729 1437 Priore,
749 1341 806 1420 vel
835 1350 981 1431 amoto,
1003 1341 1062 1420 vel
1087 1341 1262 1438 absente,
1283 1342 1426 1422 domus
1446 1344 1715 1445 Suppriorem
1730 1370 1822 1448 prae

165 1474 330 1559 sentem,
348 1465 406 1541 vel
443 1460 640 1537 Vicarium
677 1457 826 1534 Prioris
863 1458 900 1531 in
929 1458 1012 1554 ejus
1038 1455 1215 1535 absentia
1251 1479 1331 1536 non
1365 1459 1573 1551 habuerit;
1594 1470 1677 1540 tres
1706 1462 1822 1541 Patres

168 1580 277 1658 illius
309 1580 529 1657 Conventus
561 1584 798 1673 praesentes,
829 1581 868 1649 et
894 1593 1027 1648 vocem
1062 1572 1101 1646 in
1132 1572 1393 1650 electionibus
1421 1573 1630 1666 habentes,
1655 1577 1724 1677 qui
1753 1580 1822 1679 pri·

166 1697 285 1775 mitua
318 1694 498 1771 habitum
534 1689 658 1766 nostri
692 1686 856 1764 Ordinis
892 1697 1149 1787 susceperunt
1167 1687 1211 1784 (si
1223 1698 1360 1765 tamen
1380 1700 1470 1789 post
1500 1688 1822 1771 Prolessionema

166 1821 301 1890 nostro
336 1809 487 1886 Ordine
519 1804 740 1883 nullatenus
771 1802 1048 1897 discesserunt,
1084 1802 1158 1879 nisi
1193 1825 1264 1902 per
1299 1803 1529 1902 Magistrum
1553 1804 1747 1901 Ordinis,
1773 1806 1821 1885 vel

165 1923 422 2015 Provinciale,
441 1922 502 1999 vel
532 1918 721 1998 Generale
753 1916 978 2016 Capitulum
1011 1938 1100 1996 cum
1133 1917 1189 1994 eis
1216 1917 1333 1996 luerit
1358 1918 1648 2020 dispensatum)
1664 1920 1822 2023 aliquem

166 2044 338 2119 Fratrem
362 2039 411 2114 de
438 2036 638 2114 Conventu
666 2032 749 2124 illo,
779 2033 818 2107 in
845 2031 966 2110 domo
994 2040 1254 2133 praesentem,
1293 2042 1503 2134 antequam
1539 2034 1765 2133 comedant,
1794 2048 1825 2115 et

163 2157 317 2250 bibant,
353 2153 497 2253 eligere
530 2155 749 2241 teneantur,
782 2147 1071 2226 renuntiatione
1101 2147 1276 2248 qualibet
1305 2169 1386 2226 non
1423 2148 1622 2247 obstante,
1641 2151 1714 2251 qui
1735 2151 1824 2229 vices

164 2269 407 2371 supradictas
441 2266 586 2344 Prioris
620 2263 829 2340 obtineat:
860 2283 1069 2363 quousque
1094 2263 1236 2342 domus
1262 2263 1348 2362 ipsa
1381 2263 1555 2342 Priorem
1587 2274 1823 2365 praesentem

164 2385 317 2480 babeat,
343 2383 403 2461 vel
439 2380 712 2480 Suppriorem,
734 2377 793 2453 vel
822 2376 1016 2454 Vicarium
1045 2377 1192 2454 Prioris
1221 2377 1260 2454 in
1294 2380 1379 2475 ejus
1412 2378 1606 2477 absentia,
1637 2381 1700 2461 vel
1726 2380 1825 2460 Prior

164 2498 430 2592 Provincialis,
463 2495 523 2572 vel
557 2492 833 2572 conventualis
861 2491 975 2569 aliter
1005 2492 1258 2570 ordinaverit.
1297 2492 1475 2590 Quodsi
1520 2495 1718 2594 praedicti
1759 2506 1824 2574 bes

162 2637 241 2694 non
268 2610 592 2693 concordaverint
613 2638 620 2684 :
649 2609 820 2685 duorum
839 2608 1039 2685 'sententia
1066 2608 1117 2684 ad
1140 2607 1446 2707 providendum,
1465 2608 1547 2688 sive
1563 2610 1617 2688 de
1636 2633 1720 2690 uno
1734 2611 1823 2713 ipso

162 2753 249 2809 rum
278 2729 412 2823 trium,
443 2727 523 2803 sive
553 2725 601 2801 de
627 2725 761 2824 aliquo
794 2722 874 2799 alio
907 2722 1038 2800 Fratre
1061 2722 1313 2801 conventuali
1344 2734 1548 2823 praesente
1580 2724 1819 2827 praevalebit.

209 2844 312 2923 Nulli
339 2852 469 2921 autem
499 2839 742 2917 Praesidenti
771 2836 936 2914 Ordinis
963 2837 1079 2915 liceat
1108 2836 1240 2934 alicui,
1266 2846 1373 2916 extra
1402 2839 1675 2920 obedientiam
1710 2840 1819 2921 nostri

78 2944 82 2951 ⁵
152 2960 317 3037 Ordinis
337 2956 553 3050 exsistenti,
578 2975 710 3032 curam
733 2952 979 3030 committere
1006 2974 1124 3052 super
1153 2953 1307 3030 Fratres
1333 2954 1393 3031 vel
1420 2953 1650 3035 Conventus
1667 2955 1816 3037 Ordinis

151 3074 554 3176 quomodocumque;
590 3070 667 3146 nisi
694 3066 880 3144 Praelatis
910 3090 957 3144 ex
985 3066 1138 3151 Ordine
1165 3078 1301 3148 nostro
1325 3071 1540 3169 assumptis
1557 3092 1683 3173 supra
1703 3071 1814 3151 socios

151 3190 207 3269 eis
243 3190 464 3289 deputatos,
504 3195 542 3263 et
576 3184 767 3285 quamdiu
800 3191 892 3259 sunt
923 3203 1061 3260 eorum
1093 3183 1188 3261 socii
1210 3213 1217 3259 :
1241 3193 1279 3262 et
1305 3184 1381 3261 nisi
1410 3206 1530 3285 super
1556 3193 1813 3289 apostatasset

151 3328 283 3406 vagoS,
306 3307 379 3383 boc
402 3314 471 3390 est,
492 3302 575 3377 sine
602 3298 765 3377 Ordinis
792 3297 948 3374 licentia
973 3306 1079 3376 extra
1111 3298 1302 3376 Ordinem
1342 3311 1660 3391 commorantes,
1694 3320 1812 3404 quam·

152 3425 220 3503 diu
249 3426 305 3502 sic
331 3434 439 3502 extra
470 3429 643 3500 manent.
682 3418 811 3518 Super
847 3439 947 3516 quos
980 3417 1174 3513 volumus,
1215 3418 1324 3518 quod
1360 3440 1438 3496 non
1475 3419 1609 3499 solum
1647 3402 1812 3523 Magister

153 3540 343 3618 Ordinis:
380 3538 448 3615 sed
478 3536 596 3615 etiam
625 3534 781 3612 Priores
810 3532 1084 3630 Provinciales,
1103 3543 1296 3611 eteorum
1321 3532 1460 3612 Ficarii
1481 3536 1643 3636 possint
1660 3544 1809 3638 petau-

155 3668 234 3734 tem
277 3652 492 3732 concedere
533 3649 720 3729 omnibus
753 3646 1037 3726 Ecclesiasticis
1075 3648 1268 3748 personis.
1304 3649 1487 3746 Quodsi
1526 3671 1644 3732 secus
1682 3650 1808 3731 lactum

154 3770 299 3849 luerit:
337 3768 388 3846 sit
422 3767 578 3845 irritum
615 3776 649 3842 et
688 3765 818 3840 inane.

206 3886 361 3962 Fratres
388 3904 480 3961 vero
511 3891 667 3961 nostros
701 3886 780 3955 tam
811 3879 850 3954 in
883 3877 1123 3979 Episcopatu
1145 3879 1322 3980 praecise
1347 3878 1511 3966 titulari,
1529 3879 1593 3958 vel
1611 3878 1711 3960 alias
1725 3878 1804 3957 inlu

155 3998 433 4101 Episcopatum
460 3996 707 4090 constitutor,
733 4003 770 4072 et
792 3994 1061 4091 beneficiatos,
1083 3997 1139 4072 vel
1167 4004 1370 4096 exemptos
1392 3995 1442 4074 ab
1461 3993 1618 4074 Ordine
1640 3993 1802 4095 (exeeptis

156 4117 342 4217 Magistro
372 4116 472 4193 sacri
506 4113 662 4206 Palatii,
700 4123 738 4188 et
774 4111 1090 4188 Poenitentiariis
1131 4111 1333 4211 perpetuis
1378 4110 1538 4189 Domini
1579 4109 1720 4212 Papae,
1751 4104 1801 4208 qvi

155 4240 375 4333 sequuntur
402 4233 618 4308 Romanam
646 4227 816 4319 Curiam,
848 4247 1065 4324 eorumque
1096 4226 1225 4322 sociis)
1256 4225 1442 4305 nolumus
1471 4225 1513 4301 in
1542 4227 1694 4305 nostris
1725 4222 1800 4302 Ooo-

157 4347 335 4426 ventibus
366 4347 468 4424 ultra
501 4344 677 4422 triduum
707 4339 893 4418 retineri:
928 4340 1078 4441 absque
1108 4341 1266 4420 licentia
1300 4339 1573 4437 Provincialis
1608 4364 1702 4421 cum
1731 4358 1801 4417 eou-

156 4485 273 4542 sensu
303 4462 362 4559 (ad
388 4462 530 4556 minus)
559 4459 729 4536 duarum
757 4454 930 4552 partium
965 4456 1200 4551 Conventus,
1231 4457 1403 4535 obtenta.
1443 4456 1634 4558 Alioquin
1661 4472 1800 4557 suspen·

155 4578 347 4657 sionema
371 4577 452 4654 suis
485 4574 625 4655 officiis
657 4574 858 4650 incurrant
887 4570 1159 4650 Praesidentes
1189 4573 1275 4671 ipso
1303 4573 1404 4651 lacto
1426 4601 1433 4648 :
1454 4581 1595 4650 contra
1624 4572 1797 4652 facientes·

379 4805 436 4882 ne
468 4804 647 4881 evocare
680 4800 830 4880 amru
856 4752 1149 4880 ammata:
1183 4802 1341 4879 araam
1375 4800 1615 4901 caprorum.

214 5059 388 5115 raruruus
410 5044 448 5113 et
475 5034 719 5130 ordinamus,
742 5042 784 5112 ut
802 5043 973 5129 mortuo,
992 5031 1050 5110 vel
1070 5040 1201 5110 amoto
1218 5031 1353 5111 Priore
1369 5031 1625 5129 Provinciali,
1642 5030 1702 5111 vel
1718 5031 1800 5131 ipso,

156 5054 269 5235 Set
295 5175 356 5248 eo,
380 5151 444 5228 cui
471 5150 573 5227 vices
599 5173 690 5228 suas
716 5147 972 5242 commiserit,
1008 5156 1114 5225 extra
1147 5146 1397 5225 Provinciam
1431 5147 1675 5226 exsistente:
1711 5143 1804 5225 Prior

155 5266 432 5346 Conventualis
459 5266 566 5342 illius
597 5265 687 5361 loci,
721 5266 760 5340 in
793 5285 872 5365 quo
897 5263 1074 5363 primum
1108 5261 1332 5361 Capitulum
1352 5262 1598 5342 Provinciale
1626 5263 1742 5344 fuerit
1760 5278 1805 5338 oe·

155 5383 402 5478 lebrandum,
438 5383 541 5459 vices
568 5382 651 5477 eius
678 5380 883 5464 obtineat;
913 5400 1121 5477 quousque
1151 5378 1264 5455 Prior
1291 5376 1551 5457 Provincialis
1587 5378 1699 5460 illius
1731 5378 1807 5457 Pro
1852 5414 1854 5429 =

155 5497 304 5574 vinciae
331 5500 381 5575 sit
414 5497 560 5575 electus
592 5506 630 5572 et
656 5496 937 5571 confirmatus:
972 5502 1010 5570 et
1040 5493 1138 5593 ipse,
1160 5493 1217 5570 vel
1240 5493 1322 5590 ille,
1341 5495 1403 5570 cui
1423 5492 1529 5572 vices
1554 5518 1650 5576 suas
1665 5488 1809 5577 commi·
