3990 6082
890 378 1092 479 rectoque.
1798 375 1820 449 'l

143 531 340 625 tionibus,
376 552 496 632 quam
523 540 644 625 extra,
674 531 880 608 innostro
913 527 1065 605 Ordine
1092 527 1350 629 intelligimus
1381 555 1388 602 :
1419 525 1493 602 nisi
1522 523 1592 601 ubi
1619 522 1815 625 explicite,

143 659 186 728 et
203 649 414 728 verbaliter
430 671 560 748 poena
578 646 1012 741 excommunicationis,
1033 649 1071 722 et
1094 642 1448 722 excommunicatio
1473 639 1576 718 latae
1600 636 1817 717 sententiae

139 766 395 866 exprimitur.

194 880 317 958 Porro
348 879 516 958 Praelati
551 901 629 957 non
666 879 810 958 faciant
847 868 1055 979 praecepta
1090 874 1305 975 obligantis
1339 873 1391 951 ad
1420 871 1584 951 mortale
1611 878 1815 971 peecatum

141 993 186 1070 iu
213 996 272 1072 ira
298 995 499 1086 exteriori,
520 983 693 1072 maxime
708 1002 846 1073 contra
866 995 1047 1073 subditos
1064 992 1264 1083 turbatos;
1288 1000 1326 1071 et
1345 990 1377 1068 si
1395 989 1571 1083 iecerint,
1593 988 1703 1067 irrita
1720 987 1812 1080 sint,

142 1115 182 1186 et
223 1109 355 1187 inania
385 1138 393 1186 :
422 1110 524 1187 facta
561 1120 691 1188 tamen
730 1110 886 1189 valeant
916 1109 1048 1211 quoad
1084 1129 1355 1209 quascumque
1384 1126 1531 1208 poenas
1559 1102 1812 1204 temporales.

143 1228 357 1330 Praecepta
383 1253 543 1331 quoque
570 1229 610 1305 in
637 1229 795 1330 scriptis
824 1228 924 1307 facta
946 1259 953 1305 :
975 1236 1211 1307 censeantur
1237 1227 1324 1304 sine
1351 1225 1409 1302 ira
1437 1225 1550 1304 facta.
1574 1223 1653 1302 Nec
1671 1222 1816 1300 faciant

144 1354 357 1445 praecepta
393 1346 528 1446 quieto
554 1345 719 1439 animo,
762 1345 837 1422 nisi
865 1345 906 1421 in
935 1344 1130 1443 scriptis,
1171 1351 1278 1421 extra
1304 1340 1547 1419 necessitatis
1572 1337 1813 1429 articulum;

146 1468 305 1560 praeter
330 1481 540 1538 commune
568 1471 835 1561 praeceptum,
862 1460 972 1561 quod
998 1460 1041 1537 fit
1063 1483 1086 1536 a
1111 1456 1388 1536 visitatoribus
1415 1456 1455 1532 in
1480 1453 1773 1534 visitationibus
1805 1482 1813 1530 :

145 1578 248 1658 facta
279 1587 410 1658 mmen
437 1580 604 1659 valeant.
636 1580 714 1658 Nec
743 1579 933 1659 damnent
963 1580 1138 1681 aliquem
1165 1578 1214 1656 ad
1242 1599 1411 1679 poenam
1445 1574 1635 1677 gravioris
1662 1573 1816 1675 culpae,

145 1702 215 1773 aut
244 1695 425 1792 carceris,
455 1696 531 1773 nisi
559 1697 598 1772 in
623 1694 775 1795 judicio
801 1696 1040 1790 confessum,
1073 1695 1131 1773 vel
1164 1693 1404 1787 convictum,
1435 1691 1538 1769 etin
1568 1690 1726 1791 scriptis
1752 1696 1821 1768 :et

145 1809 183 1888 si
218 1832 331 1888 secus
365 1810 512 1889 factum
540 1811 670 1906 luerit,
706 1822 833 1890 totum
869 1812 918 1889 sit
952 1811 1124 1903 irritum,
1163 1819 1201 1886 et
1229 1808 1361 1885 inane.

196 1923 417 2004 Statuimus
444 1926 576 2022 etiam,
609 1926 825 2027 quodiam
853 1927 892 2003 in
923 1923 1296 2020 Constitutionibus‚
1326 1945 1447 2024 quam
1470 1932 1591 2018 extra,
1622 1920 1819 2023 quidquid

144 2060 229 2118 non
258 2041 476 2119 secundum
502 2063 543 2118 se
574 2043 739 2121 mortale
767 2042 988 2137 mandatur,
1015 2041 1088 2119 sub
1115 2061 1366 2141 quacumque
1394 2061 1521 2139 poena
1547 2039 1639 2137 (nisi
1665 2060 1819 2116 excom·

146 2155 445 2255 manicationis)
477 2156 527 2233 ad
559 2158 683 2236 solam
703 2179 872 2259 poenam
904 2157 1087 2258 obliget:
1117 2178 1195 2234 noo
1224 2155 1407 2234 obstante
1435 2153 1543 2254 quod
1570 2155 1610 2229 in
1639 2153 1819 2255 Capitulo

146 2269 200 2349 de
228 2270 408 2350 Graviori
431 2272 549 2374 culpa
574 2273 739 2368 dicatur,
764 2274 814 2353 Ut
834 2274 902 2374 qui
933 2272 1156 2351 membrum
1184 2270 1348 2365 diaboli,
1372 2270 1529 2371 culpam
1558 2267 1821 2371 perpetrando

147 2409 230 2466 non
267 2386 425 2465 erubuit
460 2388 558 2483 fieri,
596 2397 667 2467 etc.
707 2390 753 2467 Et
788 2397 831 2466 ut
863 2387 1075 2467 multitudo
1112 2386 1448 2465 Constitutiouurn
1477 2386 1619 2463 vitetur
1648 2414 1656 2458 :
1686 2386 1822 2486 prohi-

147 2501 290 2580 bemus
323 2524 372 2580 ne
403 2502 452 2580 de
484 2515 614 2582 cetero
648 2503 802 2605 aliquid
840 2512 1045 2597 statuatur,
1081 2503 1157 2579 nisi
1192 2524 1262 2603 per
1297 2501 1375 2579 duo
1409 2499 1589 2601 Capitula
1616 2501 1821 2579 Generalia

148 2618 337 2698 continua
365 2617 483 2696 fuerit
511 2618 773 2720 approbatum
792 2649 801 2709 ;
831 2632 870 2697 et
889 2629 983 2696 tunc
1001 2619 1042 2695 in
1064 2619 1178 2697 tertio
1198 2616 1380 2718 Capitulo
1399 2615 1624 2693 immediate
1643 2617 1820 2717 sequenti

147 2732 376 2810 confirmari
422 2733 481 2811 vel
517 2733 639 2812 deleri
671 2735 852 2835 poterit:
881 2736 962 2813 sive
994 2756 1066 2835 per
1107 2735 1261 2811 Priores
1296 2731 1589 2827 Provinciales,
1636 2733 1716 2810 sire
1754 2754 1823 2832 per

143 2847 245 2925 alios
284 2848 534 2942 OetinitoreS,
574 2849 817 2951 ubicumque
852 2850 951 2927 illud
987 2850 1147 2928 tertium
1178 2847 1405 2948 Capitulum
1436 2847 1670 2925 celebretur.

202 2962 482 3043 lnchoationes
508 2973 653 3060 autem,
675 2988 776 3065 quae
803 2965 902 3044 fiunt
921 2968 959 3042 in
980 2964 1172 3065 Capitulis
1191 2963 1461 3057 Generalibus,
1485 2985 1564 3041 non
1583 2963 1824 3041 mandentur

151 3078 411 3172 exsecutioni,
437 3103 644 3180 usquequo
669 3080 910 3181 approbatae
940 3081 1086 3158 luerint
1113 3103 1184 3182 per
1211 3079 1287 3156 alia
1313 3078 1392 3155 duo
1423 3078 1613 3178 Capitula,
1638 3088 1674 3157 et
1701 3078 1824 3157 factae

151 3193 233 3272 sint
267 3192 576 3273 Constitutiones
606 3224 613 3270 :
646 3195 721 3271 nisi
756 3194 857 3273 forte
891 3194 1030 3272 eadem
1068 3194 1269 3272 inchoatio
1303 3193 1367 3270 fiat
1407 3216 1477 3293 per
1513 3192 1676 3272 modum
1713 3193 1825 3271 ordi·

151 3307 339 3387 nationis.
377 3309 724 3411 lnterpretationes
758 3311 926 3411 Regulae
957 3309 1017 3388 vel
1052 3310 1389 3388 Constitutionum
1431 3308 1553 3387 factae
1586 3331 1608 3385 a
1642 3310 1822 3388 Generali

154 3422 340 3523 Capitulo
369 3446 446 3502 non
476 3424 643 3503 babeant
669 3426 748 3503 vim
775 3424 1079 3504 Constitutionis
1101 3456 1107 3502 :
1131 3426 1206 3503 nisi
1235 3448 1304 3527 per
1322 3425 1397 3503 tria
1416 3426 1596 3527 Capitula
1619 3428 1827 3507 Generalia

156 3539 346 3617 continua
374 3540 413 3616 in
440 3540 604 3618 modum
631 3540 797 3618 aliarum
818 3541 1168 3637 Constitutionum,
1189 3540 1337 3619 scilicet
1353 3562 1423 3642 per
1440 3540 1544 3619 viam
1562 3543 1828 3623 inchoationis

160 3664 199 3732 et
228 3655 541 3734 confirmationis
574 3656 803 3735 continuate
835 3656 981 3735 fuerint
1010 3658 1263 3758 approbatae.

211 3768 489 3850 Ordinationes
520 3783 598 3849 tam
634 3771 908 3872 Capitulorum
941 3773 1221 3867 Generalium,
1259 3795 1379 3874 quam
1416 3773 1590 3876 Magistri
1623 3774 1823 3855 Ordinis:

160 3885 297 3986 quoad
319 3886 398 3963 vim
428 3888 637 3987 praecepti,
659 3896 697 3965 et
713 3910 970 3966 censurarum
996 3889 1373 3985 Ecclesiasticarum,
1392 3910 1482 3967 cum
1511 3891 1608 3991 ipsis
1626 3893 1826 3992 exspirare

159 4000 356 4080 volumus.
393 4000 475 4079 Vita
509 4024 601 4080 vero
636 4001 806 4102 Capituli
838 4032 845 4078 :
877 4004 1080 4103 usquead
1115 4028 1285 4105 sequens
1316 4003 1540 4106 Capitulum
1578 4007 1821 4109 intelligitur.

159 4116 301 4216 Quoad
330 4119 478 4220 reliqua
507 4142 597 4197 vero
624 4120 925 4219 quomodolibet
951 4142 1020 4220 per
1045 4121 1233 4199 Generale
1256 4121 1494 4222 Capitulum,
1514 4123 1574 4200 vel
1598 4124 1824 4226 Magistrum

159 4231 321 4312 Ordinis
364 4234 463 4312 lacta
493 4265 500 4311 :
530 4236 675 4313 durare
713 4237 931 4329 volumus,
976 4234 1104 4314 donec
1145 4236 1291 4314 tuerint
1331 4247 1507 4316 revocata
1548 4261 1617 4339 per
1652 4240 1823 4319 similem

157 4357 405 4452 potestatem.
442 4350 624 4452 Excepto,
664 4352 697 4428 si
733 4374 852 4452 quem
880 4353 1065 4450 Magister
1091 4349 1256 4430 Ordinis
1288 4352 1485 4430 vicarium
1514 4356 1634 4433 totius
1663 4356 1825 4435 Ordinis

159 4464 392 4544 instituisset
432 4494 439 4541 :
478 4466 582 4543 bunc
623 4468 728 4544 enim
770 4467 951 4544 volumus
981 4488 1071 4543 curn
1105 4467 1192 4569 ipso
1227 4468 1439 4570 exspirare.
1474 4469 1532 4545 lib
1570 4470 1825 4552 inferioribus

157 4590 286 4659 autem
321 4580 511 4681 Capitulis
535 4592 572 4661 et
609 4583 794 4661 Praelatis
828 4582 1129 4682 quomodolibet
1156 4584 1348 4683 ordinata,
1378 4608 1468 4661 cum
1493 4585 1588 4686 ipsis
1617 4589 1825 4689 (tamquam

157 4695 206 4774 ab
228 4696 390 4774 homine
407 4697 600 4793 ordinata)
620 4699 822 4800 exspirare
841 4698 1024 4777 volumus
1044 4727 1051 4775 :
1075 4700 1249 4802 exceptis
1266 4700 1560 4802 superioribus,
1584 4702 1826 4782 Confessori·

156 4811 229 4889 bus
273 4819 349 4890 tarn
386 4812 563 4890 Fratrum
592 4837 712 4915 quarn
748 4813 1012 4905 Monialium‚
1053 4816 1218 4893 vicariis
1248 4816 1512 4912 Moninlium,
1548 4828 1586 4896 et
1626 4820 1827 4919 Magistris

155 4948 413 5028 personarum
445 4930 650 5030 utriusque
683 4952 797 5009 sexus
831 4931 952 5009 'lertii
988 4932 1160 5027 liabitas,
1198 4941 1235 5010 ct
1273 4930 1517 5011 Ollicinlibus
1550 4932 1825 5013 Conventuum

155 5042 306 5143 absque
340 5044 630 5142 Jurisdictione.
673 5046 753 5125 llos
789 5045 897 5125 enim
929 5047 1109 5126 volumus
1137 5048 1280 5125 ‹lirraro
1307 5072 1396 5126 curn
1425 5072 1483 5146 oa,
1513 5072 1630 5151 quarn
1662 5049 1822 5147 liabent,

153 5163 385 5242 auctoritate
406 5194 413 5240 :
433 5165 561 5244 donec
576 5176 809 5246 revocentur
827 5168 877 5245 ab
901 5168 1070 5249 habente
1091 5179 1321 5271 pritostatcru
1340 5170 1580 5249 destituendi
1601 5173 1778 5251 eosdem.

207 5281 328 5357 Porro
371 5279 533 5360 Praelati
580 5306 719 5361 omnes
751 5306 773 5361 a
806 5284 1061 5363 multitudine
1107 5294 1405 5388 prrrocrqitorum
1450 5296 1488 5365 ct
1527 5287 1824 5369 ordinationum

154 5394 410 5495 abstineant3
455 5420 502 5475 ne
548 5399 732 5499 laqueum
780 5401 989 5479 animabus
1036 5402 1284 5481 soliditorurn
1314 5402 1491 5503 injiciant
1521 5432 1528 5481 :
1564 5425 1635 5483 nec
1662 5411 1825 5507 propter

155 5512 354 5590 detectum
399 5513 516 5591 unius
554 5514 614 5591 vel
653 5538 882 5616 paucorum,
917 5542 1036 5620 «quiam
1069 5518 1127 5601 vol
1161 5544 1261 5621 quos
1299 5542 1377 5599 nou
1415 5518 1561 5599 audent
1593 5519 1821 5625 corrigere,
