3990 6082
178 354 284 456 333
781 356 1230 505 3313333333.

178 565 493 669 sanctdrum
525 553 1435 701 martyrum'ValerianiMacrini·
1460 581 1515 668 et
1558 560 1850 667 Gordiani.

166 725 207 823 A
227 706 572 843 ugustoduni
601 741 611 811 :
642 707 813 809 sancti
843 705 882 807 F
886 707 1059 811 loce'lli
1089 710 1260 846 pderi.
1292 708 1401 832 Qui
1434 709 1540 812 sub
1565 707 1851 811 Antonino

178 852 508 994 imperatdre
535 868 589 951 et
607 847 901 953 Valeriano
923 851 1154 989 praeside
1175 855 1348 956 multa
1371 886 1558 991 passus
1586 887 1598 956 :
1622 851 1846 955 demum

178 1035 208 1101 a
234 999 358 1102 feris
384 995 709 1133 discerptus,
735 996 980 1134 martyrii
1008 998 1270 1100 coronam
1297 998 1532 1135 addptus
1559 1015 1655 1099 est.
1675 994 1843 1133 Apud

179 1139 487 1246 Leddium:
522 1139 668 1242 beati
709 1138 984 1243 Lamberti
1024 1139 1280 1281 Episcopi
1320 1140 1696 1277 Trajectdnsis.
1722 1140 1840 1260 Qui
1889 1252 1891 1257 ⁴

178 1321 306 1391 eum
334 1286 537 1419 rigiam
572 1281 803 1384 domum
842 1284 957 1386 zelo
997 1285 1270 1417 religionis
1308 1286 1656 1422 increpasset,
1686 1318 1717 1385 a
1747 1316 1838 1383 no·

178 1429 1155 1543 centibusinnocensoecisus:aulam
1172 1430 1322 1559 regni
1341 1430 1565 1534 caelestis
1580 1430 1835 1567 perpetuo

177 1577 413 1679 victiiras
433 1571 955 1684 intravitnlunoria.
983 1571 1200 1680 ‘eodem
1226 1573 1316 1676 die
1340 1605 1352 1680 ε,
1378 1591 1581 1677 sanctae
1602 1572 1833 1708 Agatho·

178 1719 311 1837 oliae,
353 1718 561 1820 aucillae
587 1714 873 1848 cujusdam
920 1715 1159 1819 mulieris
1205 1714 1459 1822 infidelis.
1502 1715 1642 1839 Quae
1688 1717 1830 1850 longo

181 1868 427 1997 tc'mpore
453 1860 788 1977 verberibus
818 1860 1044 1995 aliisque
1083 1861 1342 1964 aerdmnis
1366 1862 1437 1965 ab
1463 1894 1526 1965 ea
1551 1862 1755 1978 vexata,
1782 1876 1827 1959 33

180 2006 461 2108 Christum
492 2006 711 2137 negairet
735 2035 746 2122 ;
770 2003 951 2105 oblata
973 2002 1200 2106 demum
1219 2003 1394 2175 jddici
1419 2087 1431 2126 ‚
1464 2029 1517 2109 et
1538 2004 1734 2108 saevius
1767 2005 1824 2105 la-

182 2151 345 2268 31333
376 2182 505 2252 cum
531 2149 588 2249 in
631 2145 968 2250 confessione
994 2145 1124 2251 fidei
1163 2151 1508 2287 persisteret:
1538 2151 1713 2254 excisa
1742 2147 1824 2250 lin·

181 2329 309 2461 glffl’.
326 2293 384 2393 in
411 2292 594 2457 ignem
622 2290 879 2452 projecta
891 2311 984 2393 est
1003 2292 1318 2402 Cordubae:
1343 2310 1545 2396 sanctae
1565 2290 1824 2394 Columba

180 2438 400 2571 virginis
427 2454 477 2539 et
506 2436 777 2573 martyris.
798 2433 1140 2546 Mediolani:
1178 2436 1446 2576 depositio
1472 2437 1647 2541 sancti
1674 2432 1824 2575 Satyri

180 2579 519 2699 confessoris,
549 2579 707 2715 cujus
739 2579 968 2714 insignia
1019 2582 1211 2682 merita
1262 2599 1485 2684 sanctus
1527 2580 1824 2685 Ambrosius

176 2726 293 2862 ejus
338 2722 442 2824 frat
422 2742 504 2827 ter
542 2725 951 2825 conuncmorat
1000 2735 1249 2834 Romae:
1291 2743 1493 2829 sanotae
1542 2723 1825 2829 Theodora

182 2868 462 2989 matronae,
487 2901 613 3002 quae
638 2869 696 2968 in
724 2870 1104 3004 persecutione
1136 2868 1454 2971 Diocletiani
1478 2865 1680 2972 sanctis
1705 2900 1822 2969 mar·

183 3011 396 3153 tyribus
422 3011 615 3115 sedulo
642 3011 1001 3113 ministrabat.
1026 3010 1201 3149 Apud
1244 3010 1544 3182 Bingiam
1531 3047 1585 3114 m
1635 3008 1822 3116 dioeoesi

180 3156 632 3292 Moguntinensi:
663 3174 815 3257 sanct
817 3190 863 3257 ae
890 3153 1305 3289 Hildegairdis'
1255 3158 1491 3294 urginis
1503 3154 1584 3303 »14

114 3402 138 3465 v
143 3401 159 3467 1
178 3349 221 3451 B
405 3349 845 3484 Quartodecimo
867 3349 1136 3453 Kalendas
1158 3347 1442 3455 Octobris:
1452 3325 1664 3454 Luna

170 3555 1818 3691 alirdclplirltlrnnpqrst

179 3691 1826 3780 262728t930102345678910111213A

172 3819 1822 3937 ABCDEFlGllAlNl

182 3968 1830 4058 333333333333333333333333

15 4162 77 4231 nu
107 4167 158 4230 33
178 4154 391 4378 Romu
414 4130 498 4230 via
520 4127 727 4269 Appia:
752 4133 898 4235 beati
926 4130 1163 4233 Cornelii
1190 4132 1348 4271 Papae
1369 4153 1422 4236 et
1447 4136 1720 4275 martyris.
1743 4128 1830 4255 Qui
1889 4174 1891 4237 ε

308 4273 414 4374 3313
455 4273 613 4375 Gallo
653 4294 706 4377 et
735 4274 1058 4394 Volusiano
1089 4294 1211 4436 post
1255 4278 1421 4380 exsilii
1471 4280 1833 4449 relegationem

172 4418 357 4552 jussus
383 4436 462 4520 est
507 4419 805 4587 plumbatis
832 4417 1008 4522 caedi:
1039 4420 1193 4521 etsie
1237 4452 1365 4521 cum
1407 4420 1521 4526 31113
1569 4423 1758 4559 viginti
1796 4433 1837 4519 et

184 4596 295 4662 uno
348 4563 643 4697 promiscui
673 4596 829 4664 sexus
862 4563 1132 4665 decollari.
1171 4561 1357 4667 Sedet
1399 4562 1647 4670 Caereailis
1681 4566 1837 4686 miles,

181 4739 311 4809 curn
350 4703 598 4807 Salldstia
639 4710 807 4809 uxore
833 4742 950 4827 sua,
978 4740 1118 4841 quos
1155 4706 1300 4807 idem
1331 4707 1617 4814 Cornelius
1656 4713 1714 4812 in
1748 4704 1845 4810 lide

179 4851 549 4951 instruxerat:
581 4849 776 4953 eodem
812 4851 901 4954 die
943 4852 1121 4990 cipite
1165 4849 1310 4987 plexi
1339 4873 1487 4959 sunt.
1528 4862 1590 4963 ln
1637 4854 1846 4958 Africa:

183 4994 358 5128 passio
397 4995 566 5094 sancti
611 4994 874 5133 Cypriani
914 4994 1170 5132 Episcopi
1211 4992 1680 5134 Carthagindnsis‚
1732 5033 1852 5102 san·

181 5138 367 5238 3313333
403 5155 453 5239 33
495 5137 745 5239 doctrina
790 5139 1087 5241 clarissimi.
1130 5135 1239 5258 Qui
1291 5141 1397 5244 sub
1454 5140 1758 5247 Valeriaino
1808 5158 1858 5245 et

181 5280 433 5383 Gallieno
463 5283 822 5418 principibus,
865 5301 987 5420 post
1027 5281 1229 5383 durum
1261 5286 1527 5408 exsilium,
1556 5286 1859 5393 detrunca-

181 5425 333 5528 31333
359 5427 477 5565 caipi
489 5427 552 5527 tis
590 5428 918 5566 martyrium
958 5430 1362 5531 consummavit
1388 5462 1398 5532 :
1423 5429 1641 5536 ddcimo
1668 5434 1862 5537 octavo
