3990 6082
163 422 304 543 trs,
874 404 1134 547 sottus.

163 635 386 737 extorsit
414 667 425 755 ;
458 634 728 768 Angelum
757 651 809 736 et
832 650 1048 735 sanctos
1071 633 1335 772 rna'rtyres
1363 634 1621 735 tutelares
1646 631 1705 731 in
1730 630 1840 732 acie

164 812 345 916 prose
373 782 682 915 pugnantes
702 776 841 878 vidit
870 809 879 878 :
912 778 1160 879 ecclesias
1199 778 1395 915 passim
1422 776 1494 881 ah
1520 773 1842 879 infidelibus

165 921 374 1023 dirutas
403 924 671 1059 reparavit
695 955 706 1037 ;
728 922 1074 1042 monasteria,
1101 922 1320 1058 templa,
1345 920 1695 1024 xenoddchia
1718 916 1842 1019 lun-

165 1067 340 1167 davit:
368 1068 551 1169 unrltis
572 1101 600 1167 e
622 1065 836 1204 tumulo
856 1065 1131 1167 mireculis
1153 1066 1345 1167 clarus.
1369 1056 1593 1162 Festum
1613 1056 1703 1161 Du
1711 1058 1840 1197 plen.

161 1190 220 1309 ln
249 1228 414 1346 portu
439 1209 689 1312 Romano
714 1241 723 1309 :
749 1210 941 1311 natalis
960 1209 1279 1310 sanctoruni
1309 1213 1615 1347 martyrum
1641 1204 1844 1309 Eutro-

167 1356 260 1489 pii,
301 1352 546 1470 stirnae,
589 1375 641 1456 et
685 1352 914 1455 Bonosae
963 1354 1233 1455 sororum.
1280 1344 1659 1488 Carthtigiue:
1702 1352 1840 1455 beati

167 1495 406 1598 Catulini
433 1498 677 1616 [liaeoui⁹
701 1497 771 1600 de
793 1531 857 1598 cu
859 1497 949 1630 jus
975 1497 1233 1598 laudibus
1257 1515 1479 1599 sanetus
1504 1497 1842 1629 Augustinus

165 1643 471 1743 sermonem
495 1641 560 1740 ad
593 1642 860 1778 populum
896 1642 1125 1759 habuit;
1156 1661 1210 1743 et
1235 1641 1554 1743 sanctorum
1576 1638 1837 1759 ianuarii,

167 1783 443 1909 Florentii,
473 1783 499 1884 J
509 1786 647 1902 tiliae,
678 1805 730 1887 et
757 1783 925 1884 lustu·
950 1788 1251 1922 nuirtyrnm
1279 1818 1289 1885 :
1319 1785 1419 1921 qui
1440 1784 1605 1921 pdsiti
1631 1783 1836 1887 suntin

167 1929 386 2031 basilica
443 1927 644 2029 Fausti.
695 1916 1041 2031 Alexandriae
1084 1961 1092 2025 :
1148 1929 1463 2032 sanctorum
1536 1929 1834 2066 nnirtyrnm

168 2071 425 2208 Philippi,
453 2070 705 2191 Zenonis,
735 2072 938 2189 Narse‘i‚
961 2091 1013 2174 et
1041 2069 1231 2173 decern
1259 2072 1552 2173 iufautnrn.
1583 2066 1829 2174 Sebaste:

167 2216 340 2316 sancti
365 2217 620 2318 Antiochi
647 2215 860 2333 medici,
885 2221 979 2350 qui
1005 2217 1110 2319 sub
1132 2213 1376 2318 Adriano
1404 2213 1638 2352 praeside
1666 2215 1828 2351 ca'pite

168 2361 532 2461 obtruncatus
559 2379 652 2461 est.
685 2357 940 2494 Cumque
968 2394 1114 2462 exeo
1142 2360 1221 2461 lac
1248 2394 1348 2498 pro
1368 2361 1633 2495 sanguine
1654 2358 1825 2459 mana-
1871 2394 1873 2399 ·

168 2524 267 2618 ret,
309 2499 576 2640 Cyriacus.
608 2503 847 2606 carnifex
885 2510 1178 2605 conversus
1209 2501 1276 2605 ad
1301 2501 1621 2607 Christum:
1652 2502 1821 2637 etipse

170 2648 493 2785 martyrium
536 2648 722 2748 subiit.
761 2636 943 2783 Papiae
985 2682 994 2749 :
1043 2648 1214 2749 sancti
1266 2646 1452 2752 Felicis
1491 2645 1750 2783 Episcopi
1780 2659 1818 2744 et

171 2791 439 2928 martyris.
481 2776 696 2892 Nisibi:
739 2792 931 2892 natalis
970 2792 1138 2893 sancti
1178 2789 1377 2913 laconi,
1409 2788 1654 2927 ejusdem
1691 2786 1816 2890 urbis

170 2932 446 3072 Episcopi,
470 2967 683 3068 maguae
703 2936 1002 3036 sanctitatis
1025 2937 1138 3035 viri.
1164 2932 1267 3036 Hic
1296 2935 1572 3038 miraculis
1591 2953 1646 3034 et
1664 2926 1815 3036 erudi-

171 3078 320 3179 tione
347 3079 540 3194 clarus,
564 3112 710 3179 rinus
735 3078 841 3179 fuit
862 3113 921 3179 cx
952 3082 1179 3179 urimero
1202 3077 1571 3198 confessorum
1594 3076 1699 3179 sub
1724 3104 1814 3211 per·

170 3221 451 3323 secutione
498 3221 701 3322 Galerii
747 3220 1081 3343 Maximiani,
1123 3223 1220 3356 qni
1260 3223 1314 3323 in
1353 3221 1572 3326 Nicaeua
1619 3213 1814 3360 Synodo

173 3367 573 3499 perversitatem
606 3366 735 3479 Arii,
761 3367 1032 3466 homousii
1074 3366 1422 3501 oppositione
1460 3363 1810 3491 danrntlrunt:

113 3620 118 3629 ,
174 3507 347 3642 cnjus⁹
372 3528 424 3610 et
452 3508 741 3609 Alexandri
769 3510 1021 3648 Episcopi
1046 3511 1292 3610 oratione
1319 3510 1436 3647 ipse
1463 3509 1625 3612 Arius
1652 3500 1813 3611 condi·

172 3683 336 3784 gnam
358 3687 470 3753 suae
495 3654 802 3786 iniquitatis
824 3652 1127 3755 rnerce'deru
1154 3652 1336 3754 effusis
1363 3653 1663 3757 visceribus
1696 3648 1812 3753 Cou-

173 3795 526 3931 stantinopoli
553 3798 770 3935 recepit.
792 3788 1020 3932 Neapoli
1045 3799 1098 3895 iu
1124 3794 1424 3931 Campania
1448 3828 1458 3897 :
1481 3799 1655 3900 sancti
1677 3793 1813 3897 Atha·

179 3940 306 4037 uasii
338 3938 577 4071 ejusdem
623 3939 852 4040 civitatis
893 3939 1162 4079 Episcopi.
1193 3938 1300 4060 Qui
1341 3941 1412 4040 ah
1443 3943 1614 4079 irnpio
1646 3936 1813 4074 nepote

175 4077 360 4209 Sergio
386 4084 558 4183 multa
586 4116 791 4217 passus,
821 4117 884 4185 ac
905 4083 1031 4185 sede
1058 4084 1280 4220 pulsus:
1313 4081 1526 4187 Verulis
1564 4082 1813 4188 confectus

175 4228 434 4326 aerumnis
456 4226 708 4359 migravit
729 4227 782 4325 iu
809 4229 1021 4341 caelum,
1050 4231 1292 4362 te'mpore
1319 4225 1494 4331 Caroli
1518 4225 1684 4329 Calvi.

109 4415 222 4517 iuA
390 4413 855 4555 Decinroseptimo
882 4419 1152 4523 Kalendas
1175 4419 1408 4556 Augusti
1438 4456 1448 4525 :
1479 4419 1635 4523 Luna

171 4608 1813 4760 ahudelghiklnrupqrstu

174 4758 1815 4856 unuumunnmmtsstwrw

175 4882 1813 5003 ABCDEFFGHMNP

178 5047 224 5122 ro
327 5050 367 5123 u
473 5049 518 5124 n
621 5049 666 5124 ta
762 5051 807 5125 u
910 5052 956 5127 n
1059 5054 1104 5128 rs
1207 5054 1252 5130 to
1356 5054 1399 5128 u
1494 5053 1541 5130 ts
1644 5052 1689 5131 u
1784 5033 1818 5115 u

17 5266 79 5337 010
106 5269 157 5333 15,
175 5218 597 5445 Cotrunuomno
619 5222 791 5322 heattr
816 5220 996 5321 ittarta.
1024 5220 1092 5323 de
1119 5222 1307 5324 llloute
1335 5220 1599 5325 Carme'lo.
1623 5224 1817 5329 Festum

306 5374 482 5463 toturn
527 5359 757 5505 Duplex.
805 5362 1034 5466 Sebaste
1077 5371 1130 5465 in
1174 5367 1432 5468 Arrue'nia
1475 5398 1485 5466 :
1533 5364 1824 5469 sanctorum

179 5506 479 5643 martyrum
497 5507 869 5650 Athenogenis
880 5506 1154 5649 Episcopi,
1171 5532 1222 5612 et
1241 5510 1432 5612 decem
1452 5509 1830 5653 discipulorum
