3990 6082
164 319 234 425 62
827 327 1161 437 nlnll'l‘lUs.

167 517 581 659 lyrurnbirmii:
598 517 775 655 possio
794 520 967 622 sancti
997 519 1184 624 lreuaei
1207 521 1467 659 Episcopi
1486 538 1542 623 et
1558 517 1827 658 mortyris.

164 665 274 786 Qui
296 667 544 802 tempore
566 660 884 763 Maximioni
909 664 1254 800 imperatoris
1273 666 1377 767 sub
1404 662 1634 801 praeside
1654 660 1832 764 Probo

165 809 405 945 primum
451 807 738 910 tormonlis
784 807 1061 911 acerrimis
1113 810 1352 928 vexotus,
1385 805 1585 911 deinde
1626 803 1828 911 diebus

164 950 412 1088 plurimis
436 953 496 1052 in
516 951 732 1054 corcere
753 952 1056 1055 cruciotus:
1079 953 1371 1055 novissime
1397 952 1631 1055 abscisso
1652 951 1835 1089 copile

162 1097 575 1198 consummotus
614 1112 708 1198 est.
737 1092 1113 1201 Nicomediae:
1165 1113 1366 1199 sauclae
1419 1094 1576 1198 Dulae
1618 1094 1835 1197 ancillae

161 1237 451 1375 cujrisdam
500 1239 702 1359 militis,
743 1272 872 1374 quae
918 1272 1018 1376 pro
1058 1240 1303 1342 caslitote
1353 1237 1618 1342 servonda
1656 1241 1836 1342 occisa

161 1384 406 1523 martyrii
428 1383 691 1487 coronam
712 1384 1033 1519 promeruit.
1055 1383 1473 1521 Hierosolymis:
1489 1415 1837 1487 commemo-

159 1529 296 1629 rotio
321 1528 495 1630 sancti
516 1525 782 1628 Latronis.
806 1526 915 1647 Qui
942 1528 1000 1628 in
1029 1560 1192 1631 cruce
1217 1525 1504 1629 Christum
1527 1524 1835 1630 confossus:

160 1672 230 1772 ab
265 1704 329 1774 eo
359 1670 560 1774 moruil
594 1668 802 1795 audire,
847 1667 1024 1773 Hodie
1063 1704 1284 1774 mecum
1320 1674 1424 1775 eris
1460 1672 1516 1773 in
1559 1668 1835 1808 paradiso.

154 1813 460 1923 Laodicoae:
483 1815 656 1918 sancti
680 1813 875 1949 Pelogii
903 1810 1178 1952 Episcopi.
1204 1813 1316 1936 Qui
1342 1813 1415 1917 ob
1438 1812 1605 1916 fidem
1626 1809 1840 1917 Catho-

158 1960 316 2063 licam
339 1963 588 2096 tompore
613 1954 862 2098 Valentis
883 1957 1129 2060 exsilium
1158 1975 1209 2062 et
1242 1958 1343 2062 eilia
1365 1992 1588 2098 passus:
1617 1959 1841 2096 quievit

157 2105 211 2204 iu
245 2102 499 2205 Domino.
535 2109 601 2211 ln
640 2097 835 2220 Antio,
870 2103 1045 2203 insula
1085 2100 1285 2239 Ligeris
1326 2102 1610 2205 Hominis:
1652 2105 1836 2206 sancti

155 2243 507 2349 Hermelondi
528 2243 776 2364 Abbotis
802 2244 960 2380 cujus
981 2245 1212 2381 gloriosa
1234 2247 1574 2350 conversolio
1595 2246 1841 2349 miracu-

74 2422 77 2427 ⁴
155 2389 336 2493 lorum
364 2387 641 2527 praeconio
670 2386 1107 2491 commendotnr.

108 2583 203 2684 vA
483 2582 738 2719 Scptimo
765 2580 1035 2685 Kalendas
1063 2584 1294 2720 Aprilis:
1324 2582 1480 2684 Luna

145 2779 1832 2923 alrcslel'ghiklmupqrslu

150 2929 1840 3013 27282930123456789101112131415

148 3057 335 3171 ..ln
439 3057 481 3157 c
593 3058 634 3157 o
734 3057 781 3159 u
895 3050 931 3151 F
1037 3060 1077 3159 r
1176 3063 1221 3162 o
1327 3059 1376 3160 Η
1474 3059 1530 3161 Μ
1623 3058 1671 3162 n
1778 3064 1830 3195 Ρ

10 3203 1839 3285 .1617182192021212223242526

6 3392 51 3456 u
73 3397 124 3461 n.
260 3394 404 3460 cmvi
431 3360 605 3463 saucii
634 3359 858 3496 loseph.
879 3368 1163 3470 Solemnis.
1198 3368 1395 3470 Romae
1416 3359 1500 3458 via
1522 3357 1834 3463 Laviczina:

150 3404 453 3631 Osancti
506 3501 710 3605 Costuli
758 3504 1027 3643 rnorlyris.
1079 3503 1188 3625 Qui
1238 3535 1368 3604 curn
1412 3519 1547 3605 esset
1593 3503 1836 3606 zetorins

158 3644 361 3762 Palotii,
408 3666 461 3748 et
504 3648 703 3784 hospes
747 3648 1141 3772 sanctorum,a
1182 3645 1627 3784 persecutoribus
1666 3648 1836 3749 tortio

154 3795 446 3928 apponsus‚
474 3791 636 3893 terlio
662 3787 901 3906 auditus,
930 3795 987 3894 in
1024 3789 1363 3894 confessione
1403 3788 1626 3891 Domini
1652 3822 1837 3927 perse·

154 3937 362 4052 vorans,
385 3935 579 4038 missus
599 3953 677 4037 est
697 3935 755 4034 in
775 3932 1066 4056 foveam;et
1086 3932 1301 4035 dimissa
1324 3965 1633 4071 supereum
1654 3965 1835 4037 massa

154 4076 397 4180 arenoria
426 4109 438 4177 :
467 4077 730 4217 martyrio
752 4068 1045 4180 coron'otus
1065 4098 1158 4182 cst.
1178 4075 1392 4186 lbidem
1419 4112 1429 4180 :
1459 4075 1677 4181 corona:
1702 4110 1836 4181 sam

154 4220 372 4324 clornm
400 4223 705 4361 morlyrum
728 4221 887 4342 Petri,
919 4221 1198 4340 Marcioni,
1221 4218 1667 4341 loviniTheclae,
1697 4217 1836 4324 Cas·

153 4365 311 4485 sioni,
337 4382 391 4467 et
412 4365 661 4467 aliorum.
678 4371 713 4470 P
727 4366 968 4503 eulopoli
993 4367 1052 4467 in
1074 4365 1274 4504 Libya:
1300 4364 1491 4466 natolis
1510 4362 1838 4468 sanctorum

153 4511 461 4647 morlyrum
474 4507 752 4611 Theodori
763 4507 1039 4647 Episcopi,
1053 4509 1239 4612 lrenaei
1259 4507 1506 4629 Dioconi‚
1520 4505 1839 4644 Serapionis

154 4670 208 4754 et
245 4652 526 4757 Ammouii
554 4652 864 4758 Lectorum.
885 4653 1113 4761 Sirmii:
1161 4651 1478 4755 sanctorum
1523 4653 1838 4790 rnorlyrum

154 4793 402 4897 lllontoni
426 4795 745 4937 Presbyteri,
788 4817 839 4895 et
878 4796 1146 4910 Moxirnae,
1187 4797 1287 4930 qui
1325 4796 1398 4897 ob
1436 4792 1638 4897 Christi
1661 4792 1835 4898 iidem

152 4938 210 5037 iu
250 4941 459 5044 ilumeu
487 4939 718 5044 demorsi
744 4959 891 5042 sunt.
912 4938 1294 5046 Alexandriae:
1341 4939 1662 5042 sanctorum
1682 4940 1834 5042 uror-

151 5099 341 5218 tyrum
367 5083 709 5221 Eutychii‚el
729 5083 980 5201 aliorum,
1003 5086 1098 5216 qui
1123 5082 1428 5185 Cousloulii
1450 5087 1699 5220 tempore
1724 5082 1834 5187 sub

152 5222 392 5359 Georgio
420 5224 687 5366 Episcopo
708 5224 913 5327 Ariono
933 5261 1033 5364 pro
1056 5224 1166 5329 lide
1187 5224 1472 5329 Catholica
1499 5225 1679 5361 glodio
1705 5229 1833 5330 coesi

104 5376 109 5391 '
147 5386 294 5469 sunl.
312 5371 359 5472 E
374 5368 537 5470 odem
558 5370 646 5474 die
669 5403 680 5471 ι
703 5370 876 5473 suncti
899 5366 1136 5504 Ludgeri
1157 5369 1414 5508 Episcopi
1438 5369 1832 5475 Mouaslcrion·
