3982 6084
855 337 1118 444 lUNlUS.
1439 435 1442 441 .
1677 455 1680 460 ,
1727 341 1829 444 127

154 527 428 685 Peregrini
449 550 890 654 Atheniensium.
919 553 1028 675 Qui
1051 588 1080 654 a
1107 552 1398 691 Tripantio
1439 555 1662 656 tribtino
1689 555 1834 656 varie

153 695 320 796 torti:
351 697 535 833 eapite
569 697 885 800 obtruncati
927 716 1074 799 sunt.
1094 697 1441 800 Aurelianis:
1483 699 1655 801 sancti
1696 698 1834 800 Aviti

155 838 461 978 Presbyteri
484 857 539 942 et
559 839 895 943 confessaris.
925 837 1055 943 ltem
1082 874 1091 942 :
1122 842 1293 943 saneti
1334 840 1662 945 Bessarianis
1688 847 1838 946 Ana-

154 983 415 1086 choretae.
440 977 576 1085 Pisis
597 983 655 1084 in
676 982 874 1088 Triseia
899 1016 909 1085 :
940 986 1113 1087 saneti
1135 984 1374 1089 Rainerii
1403 986 1740 1090 confessaris.
1816 998 1819 1002 ’

446 1152 883 1275 Qttartnde'eirno
904 1160 1174 1265 Kale'ndas
1193 1160 1220 1261 J
1229 1163 1320 1263 tilii
1345 1194 1354 1263 :
1381 1161 1535 1263 Luna
1793 1168 1885 1269 An

147 1367 179 1431 a
260 1332 296 1431 b
373 1368 401 1434 e
468 1332 600 1435 sle
685 1337 914 1474 lgh
976 1320 1641 1471 ilslmnpqrs
1717 1353 1834 1432 tu

159 1501 1408 1582 atasttaaatatasastastsss
1482 1501 1837 1579 'illillilll

148 1607 1835 1724 ABCDErJFGnMNP

182 1774 207 1850 a
290 1774 337 1850 n
439 1777 484 1853 n
587 1778 633 1853 is
736 1779 781 1854 ts
889 1780 929 1854 n
1033 1781 1079 1856 n
1156 1752 1227 1855 'n
1330 1780 1377 1855 ts
1497 1778 1542 1853 ts
1642 1777 1691 1853 m
1791 1777 1836 1852 n

292 1944 485 2017 aaran:
516 1916 691 2016 beatae
712 1912 949 2019 Osannae
979 1918 1196 2054 virginis
1221 1913 1391 2017 Tertii
1420 1910 1643 2017 Ordinis
1669 1913 1909 2014 sanctini·
1938 1944 1986 2003 is.

318 2056 483 2161 Patris
504 2057 793 2161 Dominiei.
820 2058 958 2182 Quae
977 2059 1164 2164 adhue
1183 2058 1461 2196 septennis
1481 2057 1844 2192 virginitatem

164 2199 284 2302 Deo
331 2203 508 2302 vovit:
552 2203 811 2338 illamque
849 2203 1089 2340 jejuniis,
1118 2203 1320 2320 ciliciis,
1355 2202 1591 2334 flagellis,
1620 2199 1846 2334 aliisque

162 2344 413 2482 emporis
450 2345 789 2449 eruciatibus
814 2348 1076 2451 illibatam
1107 2380 1282 2485 usqne
1308 2345 1374 2447 acl
1400 2362 1632 2445 mortem
1659 2361 1845 2446 eusto-

163 2486 320 2590 divit.
339 2481 554 2584 Festum
579 2483 809 2626 Duplex.
836 2485 1031 2596 Romae
1054 2492 1136 2594 via
1165 2489 1492 2594 Ardeatina:
1521 2487 1708 2588 natalis
1729 2521 1846 2588 san·

165 2631 387 2735 clarum
415 2634 721 2774 martyrum
749 2635 917 2739 Marci
945 2655 999 2740 et
1026 2635 1353 2741 Marcelliani
1379 2631 1622 2733 fratrum.
1649 2628 1759 2752 Qui
1789 2633 1841 2729 in

165 2777 551 2915 perseeutiane
594 2776 915 2883 Diocletiani
954 2815 985 2881 a
1016 2780 1204 2917 jtidiee
1242 2775 1483 2879 Fabiano
1526 2775 1678 2893 tenti3
1701 2772 1845 2877 etad

165 2921 412 3059 stipitem
451 2921 671 3057 alligati,
700 2924 757 3023 in
789 2925 1023 3062 pedibus
1050 2927 1226 3027 elavos
1252 2928 1440 3025 acatos
1470 2922 1803 3055 aeceperunt
1832 2949 1843 3036 ;

167 3097 414 3199 eumque
456 3100 562 3167 non
605 3069 874 3171 cessarent
924 3067 1146 3171 laudare
1183 3063 1482 3182 Christum,
1512 3064 1709 3166 lanceis
1748 3095 1845 3198 per

169 3209 338 3310 latera
378 3206 622 3311 transfixi
648 3241 657 3310 :
688 3245 816 3313 cum
856 3213 1022 3348 gibria
1062 3212 1307 3350 martyrii
1336 3207 1403 3309 ad
1431 3207 1639 3310 siderea
1682 3238 1844 3336 regna

170 3352 493 3485 migrarunt.
513 3351 764 3476 Quorum
794 3356 989 3457 festum
1021 3358 1327 3459 celebratur
1365 3351 1696 3453 (luntie'eintn
1735 3347 1844 3450 lta·

169 3493 359 3597 landas
379 3494 523 3598 ltilii.
543 3488 770 3601 Malacae
791 3501 847 3601 in
872 3497 1134 3636 Hispania
1158 3533 1166 3602 :
1197 3496 1509 3601 sanctarum
1540 3497 1841 3631 martyrum

167 3637 415 3778 Cynam„
441 3658 493 3741 et
534 3638 711 3744 Paulae
739 3646 968 3778 virginis.
995 3642 1102 3765 Qui
1145 3643 1418 3780 lapidibus
1457 3638 1641 3740 abruti
1669 3638 1846 3739 :inter

165 3782 515 3886 saxaanimas
533 3781 643 3886 Deo
659 3785 1037 3890 reddiderunt.
1053 3780 1260 3925 Tripoli
1282 3787 1335 3886 in
1361 3783 1654 3886 Phoenicia:
1670 3781 1842 3882 sancti

170 3926 386 4029 Leantii
431 3927 629 4029 militis.
660 3929 766 4052 Qui
815 3931 919 4033 sub
960 3928 1239 4032 Hadriano
1279 3926 1525 4067 praeside‚
1570 3959 1676 4025 nna
1715 3959 1844 4026 eum

167 4067 413 4210 Hypatio
452 4070 694 4194 tribano,
722 4093 775 4177 et
796 4073 1105 4196 Theadulm
1129 4108 1267 4212 qnos
1293 4071 1558 4175 convertit
1583 4069 1649 4169 ad
1680 4065 1842 4170 Chri·

165 4233 314 4317 stum
340 4247 350 4317 :
377 4248 473 4354 per
491 4216 685 4318 acerba
707 4223 977 4322 tormenta
1004 4219 1252 4355 pervenit
1271 4215 1339 4317 ad
1363 4217 1618 4318 cortinam
1646 4230 1844 4349 marty·

166 4359 250 4459 rii.
274 4355 654 4463 Alexandriae:
696 4362 872 4499 passio
911 4381 1114 4465 sanctae
1154 4361 1377 4464 Marinae
1415 4360 1644 4495 virginis.
1674 4347 1837 4496 Apud

165 4503 395 4605 Saeeam
414 4502 473 4602 in
496 4499 692 4605 Sicilia:
716 4508 890 4609 saneti
912 4506 1155 4643 Calageri
1179 4503 1449 4622 Eremit'ae,
1473 4501 1630 4636 cujus
1650 4499 1844 4603 sancti·

168 4667 251 4748 tas
270 4647 328 4748 in
351 4649 731 4780 energumenis
757 4649 1052 4754 liberandis
1071 4650 1305 4752 maxime
1327 4646 1564 4782 eiliilget.
1597 4638 1844 4747 Sannau-

165 4791 306 4926 giae:
334 4807 536 4893 sanetae
573 4790 851 4898 Elisabeth
894 4795 1132 4929 virginis,
1163 4793 1478 4894 monasticae
1506 4791 1629 4890 vitae
1655 4788 1842 4889 obser·

170 4934 354 5036 santia
381 4933 622 5040 celebris.
