3990 6082
79 468 83 475 ¹
154 377 203 456 50
494 374 595 453 nist.
625 371 679 450 11.
707 371 762 450 Dc
784 369 970 468 bienrooli,
999 371 1059 448 oct
1088 369 1274 448 triennali
1302 369 1483 470 Capitale

157 646 386 703 CONSTl’l’C'l'lO
423 646 527 718 MCVA,
555 644 663 699 FACTA
701 644 736 697 ΙΝ
767 642 934 697 CAPITULO
961 640 1132 697 catanam
1161 638 1380 695 rhonanrtte
1406 635 1624 705 CELEBMTC,
1650 638 1710 692 tto.
1737 639 1808 692 nou.

207 763 410 837 noccuxxtv,
442 763 486 816 DE
511 761 680 816 ctrtruho
706 759 875 815 (1111111Ιί111
902 758 1078 831 ntahhthl,
1106 756 1171 811 VEL
1196 756 1400 830 TRICMMLI,
1428 754 1668 811 sucrontrara
1698 744 1809 809 CIECC·

204 881 255 935 1111
283 880 390 934 PAPAE
416 882 482 951 XL,
513 877 576 933 VlM
602 877 885 932 cousrtrurtonts
911 874 1058 942 1111111118,
1088 872 1188 927 bocar
1215 873 1284 928 hou
1312 870 1487 927 nannum
1514 871 1586 927 11181
1613 872 1710 930 11111111
1733 871 1807 927 Clll·

203 996 320 1051 ruauh
346 992 537 1057 cannatas,

172 1329 176 1337 Ι
239 1224 293 1315 De
320 1220 494 1300 biennali
515 1220 576 1299 uel
601 1219 791 1298 triennali
816 1218 997 1319 Capitula
1025 1243 1037 1296 .·
1062 1217 1488 1316 decimumseptimum
1516 1215 1754 1316 Capitulum.

211 1527 399 1601 raroruus,
419 1525 489 1582 seu
521 1503 716 1604 praesenti
738 1511 881 1582 statuto
912 1502 1175 1598 decernimus,
1206 1500 1314 1603 quod
1339 1501 1527 1604 Magister
1552 1499 1731 1600 Ordinis,
1756 1523 1807 1580 seo

153 1523 312 1721 Sejus
339 1620 443 1699 vices
470 1642 635 1720 gerens,
665 1630 703 1697 et
737 1619 976 1699 Definitores
1003 1616 1177 1720 Capituli
1205 1617 1425 1715 Generalis,
1456 1617 1558 1697 sicut
1586 1627 1753 1718 possunt
1773 1642 1808 1696 ex

153 1760 269 1817 causa
296 1736 481 1839 legitima,
504 1735 635 1837 quoad
656 1735 802 1833 locum,
825 1746 978 1815 mutare
1000 1733 1228 1835 Capitulum
1251 1764 1258 1812 :
1284 1733 1339 1812 ita
1361 1733 1481 1814 etiam
1504 1732 1638 1834 quoad
1655 1741 1806 1836 tempus.

152 1849 426 1954 prolongando
451 1849 512 1928 uel
539 1849 795 1928 accelerando
820 1849 949 1942 illud;
981 1850 1034 1929 ita
1060 1849 1277 1946 dumtaxat,
1309 1847 1418 1949 quod
1442 1868 1571 1948 neque
1597 1846 1809 1928 acceleratio

154 1968 236 2045 lieri
254 1966 382 2070 possit
406 1965 506 2044 inira
524 1987 673 2044 annum
698 1966 809 2066 prius
830 1966 1013 2068 assignati
1034 1963 1217 2068 Capituli,
1237 1986 1365 2064 neque
1378 1962 1631 2066 prolongatio
1649 1963 1807 2064 ejusden

67 2134 72 2143 ·
153 2082 253 2162 ultra
283 2082 499 2162 triennium
525 2110 533 2158 :
559 2081 637 2159 nisi
669 2080 845 2183 Magistri
873 2083 1022 2160 vacatio
1040 2081 1285 2183 contingeret
1302 2082 1342 2156 in
1362 2078 1476 2176 iesto,
1497 2077 1558 2157 vel
1577 2092 1670 2181 post
1687 2079 1807 2159 leston

153 2198 277 2277 sancti
293 2198 504 2293 Michaelis,
526 2198 566 2274 in
587 2197 703 2276 tertio
720 2219 824 2277 anno
844 2196 1049 2277 triennalis
1067 2196 1252 2299 Capituli,
1276 2205 1393 2298 prout
1409 2194 1576 2274 inferius
1593 2194 1805 2297 explicatur.

152 2313 445 2395 Auctoritatem
463 2323 593 2394 autem
623 2312 869 2392 accelerandi
899 2313 957 2393 vel
993 2310 1257 2417 prolongandi
1301 2310 1545 2413 Capitulum,
1586 2311 1808 2414 cuicumque

155 2431 309 2509 Vicario
325 2429 488 2508 concedi
508 2452 624 2532 posse
646 2461 653 2506 :
677 2429 911 2531 simpliciter
931 2429 1203 2532 prohibemus

200 2546 466 2647 adjicientes,
495 2545 604 2647 quod
634 2544 965 2648 quandocumque
996 2546 1231 2624 imminente
1265 2543 1438 2623 biennali
1467 2542 1681 2642 Capitulo,
1710 2539 1809 2620 Ordi-

153 2684 244 2740 nem
270 2662 457 2764 Magistro
484 2684 617 2740 carere
642 2661 851 2763 contigerit
878 2691 886 2738 :
910 2662 1017 2741 nulla
1044 2662 1211 2740 mutatio
1239 2661 1370 2762 quoad
1394 2656 1806 2761 tempuslieripossi13

153 2783 228 2860 nisi
261 2782 435 2884 Magistri
466 2781 617 2860 vacatio
648 2783 847 2886 contingat
880 2785 920 2861 in
950 2783 1063 2871 festo,
1095 2782 1155 2861 uel
1179 2791 1268 2884 post
1299 2781 1439 2862 lestum
1469 2781 1595 2859 sancti
1625 2775 1810 2858 Michaelis

153 2897 194 2973 in
214 2896 389 2976 secundo
407 2918 512 2974 anno
532 2925 539 2972 :
557 2896 649 2997 quia
667 2906 760 2986 ωηο
778 2895 1025 2997 supersederi
1044 2897 1162 2975 debet
1180 2894 1251 2975 illo
1266 2917 1369 2974 anno
1387 2919 1409 2972 a
1428 2893 1616 2996 Capitulo
1629 2889 1808 2974 Generali.

153 3013 194 3091 Si
221 3034 315 3091 vero
341 3033 446 3091 anno
473 3011 605 3113 primo
631 3011 881 3091 imminentis
908 3011 1075 3113 Capituli
1104 3010 1311 3090 triennalis
1341 3009 1452 3090 Ordo
1479 3010 1668 3112 Magistro
1695 3028 1810 3088 caroe-

152 3129 230 3221 rit3
262 3138 355 3207 tunc
382 3126 668 3206 accelerabitur
695 3127 920 3230 Capitulum
952 3158 960 3205 :
993 3129 1048 3208 ita
1074 3130 1182 3229 quod
1211 3127 1315 3207 iuter
1341 3125 1589 3205 uacationem
1618 3121 1808 3228 Magistri,

152 3255 190 3324 et
228 3243 454 3346 Capitulum
491 3241 726 3340 electionis,
764 3245 842 3321 nisi
868 3265 992 3323 unum
1023 3245 1165 3323 testum
1196 3245 1447 3321 Pentecostes
1480 3240 1722 3320 intervenire
1745 3258 1808 3316 non

152 3361 292 3462 possit.
321 3359 442 3457 Alias,
471 3358 503 3436 si
529 3369 619 3460 post
646 3382 768 3437 unum
797 3382 944 3438 annum
963 3359 1275 3462 computandum
1295 3382 1316 3436 a
1336 3356 1471 3459 Vigilia
1491 3359 1809 3437 Pentecostesea·

152 3475 300 3555 clusine
326 3475 501 3577 Magistri
532 3477 681 3555 vacatio
707 3478 939 3579 contingat:
968 3476 1074 3555 nulla
1101 3477 1265 3555 mutatio
1293 3475 1458 3587 Capituli
1485 3498 1567 3579 quo
1594 3476 1645 3555 ad
1668 3484 1809 3578 tempos

154 3593 244 3684 liat;
266 3591 343 3669 nisi
362 3591 605 3692 contingeret
623 3592 767 3671 ultimo
787 3615 892 3671 auno
911 3593 950 3669 in
968 3593 1080 3689 festo,
1101 3591 1162 3671 vel
1182 3601 1272 3693 post
1289 3592 1432 3672 testum
1451 3592 1576 3671 sancti
1595 3589 1807 3672 Michaelis:

153 3709 245 3809 quia
277 3717 372 3786 tuno
396 3707 644 3808 supersederi
664 3708 782 3786 etiam
807 3708 925 3787 debet
951 3732 973 3786 a
999 3707 1183 3809 Capitula
1213 3708 1409 3804 Generali,
1444 3716 1487 3787 ut
1515 3730 1743 3811 expressum
1762 3712 1810 3783 est

153 3826 202 3901 de
220 3820 402 3924 Capitulo
421 3820 610 3900 biennali.

204 3939 440 4019 Imminente
469 3948 599 4018 autem
631 3938 832 4035 biennali,
865 3938 925 4017 uel
955 3939 1137 4017 triennali
1172 3940 1355 4043 Capitula
1372 3969 1383 4033 ;
1420 3962 1500 4018 non
1528 3937 1712 4042 ‘eligatur
1749 3940 1809 4019 De·

154 4057 288 4137 finitor
318 4053 522 4134 Generalis
553 4055 737 4156 Capituli,
772 4078 844 4133 nec
868 4056 903 4133 ei
941 4056 1073 4135 socius
1095 4059 1341 4160 assignetur:
1366 4059 1440 4136 nisi
1466 4058 1506 4134 in
1535 4080 1644 4138 anno
1671 4058 1808 4149 ultimo,

154 4197 233 4275 quo
261 4172 412 4251 scilicet
441 4169 725 4250 celebrandum
753 4182 811 4248 est
839 4171 1064 4272 Capitulum
1085 4172 1289 4252 Generale.
1312 4173 1358 4253 Et
1385 4172 1452 4276 qui
1475 4195 1554 4251 una
1580 4173 1665 4253 vice
1682 4174 1812 4253 electos

152 4289 271 4370 luerit
302 4288 350 4367 ad
380 4287 621 4390 praedictam
656 4284 928 4365 definitionem
957 4288 1038 4365 :ad
1069 4292 1249 4368 eamdem
1277 4288 1366 4392 eligi
1392 4288 1621 4370 immediate
1648 4287 1810 4393 sequenti

152 4409 236 4486 uice
275 4428 354 4484 non
394 4403 532 4506 possit.
578 4400 757 4502 Singulis
800 4403 915 4480 annis
962 4403 1225 4485 nihilominus
1267 4416 1357 4507 post
1398 4405 1541 4491 testum
1578 4408 1813 4486 Pentecostcs

154 4526 247 4601 liant
282 4519 460 4621 Capitula
498 4517 760 4597 provincialia
791 4518 904 4596 :nisi
942 4542 1013 4620 per
1053 4522 1280 4622 Magistrum
1316 4521 1511 4617 Ordinis,
1551 4523 1594 4599 in
1629 4520 1814 4625 aliquibus

158 4635 389 4730 Provinciis,
418 4658 462 4713 ex
488 4657 605 4713 causa
624 4633 675 4711 ad
697 4633 905 4711 biennium
924 4632 1072 4715 fuerint
1092 4636 1337 4738 prolongata.
1360 4638 1404 4715 lu
1428 4638 1576 4739 quibus
1592 4640 1713 4718 etiam
1732 4639 1813 4715 liant

153 4751 342 4832 scrutinia
374 4751 424 4829 de
455 4749 784 4847 provincialibus,
814 4750 1027 4829 deferenda
1052 4770 1122 4854 per
1153 4752 1398 4851 Dellnitores,
1419 4754 1479 4833 vel
1500 4756 1630 4834 socios
1651 4777 1812 4835 eorum:

151 4882 218 4951 aut
238 4892 306 4971 per
323 4868 472 4945 socium
495 4864 763 4959 Provinciatis,
783 4867 823 4942 in
843 4888 946 4946 anno
967 4867 1284 4967 Prouincialium,
1304 4870 1353 4948 ad
1371 4870 1599 4970 Capitulum
1618 4869 1812 4952 Generalc.

152 4989 232 5086 Qui
247 4984 483 5063 Debuitorcs
504 4979 658 5060 duabus
678 4982 843 5079 vicibus,
864 4988 904 5058 et
922 4983 1190 5062 Provinciales
1208 4987 1319 5063 tertia
1335 4986 1419 5065 vice
1440 5016 1447 5064 :
1469 4988 1604 5066 omnia
1621 4988 1813 5077 definient,

150 5102 422 5196 constituent,
464 5106 502 5175 et
537 5096 774 5175 tractabunt.
817 5097 1101 5177 Recitabuntur
1141 5102 1304 5201 insuper
1343 5102 1476 5181 obitus
1519 5103 1701 5183 Fratrum
1738 5111 1818 5206 post

150 5214 389 5322 praecedens
418 5213 642 5314 Capitulum
670 5212 945 5293 defunctorum
979 5245 986 5292 :
1018 5224 1057 5293 et
1083 5216 1148 5294 fiet
1172 5238 1244 5317 pro
1274 5217 1331 5294 eis
1365 5221 1590 5299 communis
1615 5219 1818 5309 absolutio,

153 5349 193 5415 ut
225 5337 347 5415 moris
376 5341 447 5411 est.
