3990 6082
249 381 283 481 2

210 670 215 683 ·
253 623 317 727 lis
355 626 565 729 clarum
600 623 709 730 Leo
749 628 892 770 Papa
930 628 1190 733 Decimus
1229 627 1448 734 Tertius
1477 626 1900 763 *athoueanrum

255 809 552 913 accensuit.
569 813 794 917 Festnrn
836 810 1066 945 Duplex.
1731 822 1736 826 ’

316 996 512 1123 tirang.
571 987 883 1125 Designavit
926 987 1229 1101 Dominus,
1251 1012 1371 1117 pag·
1428 987 1551 1095 333.

324 1161 412 1268 27.
453 1162 696 1269 Focheu
746 1165 805 1266 in
856 1165 992 1268 urhe
1036 1165 1251 1305 imperii
1299 1163 1558 1268 Sinarum
1588 1198 1598 1269 :
1630 1163 1896 1269 Beatdrun

255 1341 508 1476 quinque
528 1341 837 1481 Martyrum
868 1338 1092 1445 Ordinis
1122 1341 1587 1464 praedicatorum,
1602 1342 1743 1447 Petri
1763 1340 1894 1466 Sana,

253 1515 512 1657 Episcopi
569 1518 1038 1622 Mauricastrensis
1102 1536 1157 1623 et
1213 1520 1533 1625 Provinciae
1564 1520 1887 1625 Fo·chiensis

251 1692 459 1799 Vicarii
499 1694 820 1836 Apostdtioi‚
869 1695 1141 1800 Francisci
1178 1694 1429 1817 Serrano,
1472 1695 1732 1836 Episcopi
1772 1696 1899 1800 eiecti

252 1870 575 2009 Tipasitani‚
607 1874 834 1976 Joannis
872 1871 1130 1997 Alcober,
1171 1872 1443 1978 Joaohimi
1474 1873 1629 2013 Royo
1669 1892 1724 1979 et
1762 1872 1896 1976 Fran·

252 2049 375 2152 cisoi
431 2048 582 2154 Dian.
636 2051 758 2154 Post
799 2052 1048 2186 ingentes
1085 2048 1157 2154 ad
1197 2048 1363 2155 fidern
1407 2048 1820 2191 propagandam
1848 2081 1895 2150 ac

186 2324 208 2368 0
252 2225 519 2330 tuendam
545 2228 842 2331 exantlatos
870 2228 1082 2332 labores
1105 2258 1118 2351 ;
1141 2245 1265 2366 post
1288 2226 1623 2331 diuturnum
1650 2228 1893 2330 carcerem

251 2421 420 2540 atque
456 2408 745 2509 innumera
791 2403 1023 2542 diraque
1074 2409 1347 2510 tormenta
1389 2439 1399 2507 :
1446 2404 1634 2508 Petrus
1691 2403 1892 2508 abscisso

251 2583 446 2720 capite,
485 2586 648 2688 ceteri
709 2617 835 2686 vero
891 2582 1145 2687 faucibus
1193 2583 1423 2687 occlusis
1470 2584 1553 2685 vel
1598 2580 1889 2697 constrictis,

250 2759 522 2899 triumphi
557 2764 792 2899 palm-arn
844 2782 969 2863 sunt
1014 2761 1264 2865 assecuti.
1305 2762 1515 2861 ir'csturn
1559 2758 1787 2899 Duplex.

318 2936 511 3073 Τις-ηιμ.
538 2940 775 3037 i'asclrali
815 2936 1012 3067 thurrg.
1051 2936 1169 3072 Ego
1198 2969 1321 3038 sum
1343 2936 1484 3056 vitis,
1516 2964 1608 3037 vos
1633 2934 1879 3075 palmites„

250 3101 366 3253 pag.
387 3114 510 3220 332.
556 3116 672 3215 Post.
710 3112 904 3215 'tuin-ir.
940 3112 1372 3245 ,lis-arnnVidens
1403 3112 1612 3233 desus,
1645 3124 1764 3251 pag.
1789 3104 1883 3211 333.

967 3467 1197 3575 JUNlO.

251 3730 299 3830 9.
344 3786 354 3791 -
385 3784 388 3788 ·
439 3762 636 3831 ouonrsu
661 3731 714 3827 in
741 3728 979 3832 AErndia:
1005 3729 1201 3833 Beatae
1231 3729 1437 3833 Dianae
1457 3727 1527 3831 de
1552 3716 1888 3848 undantiu-

229 3893 279 3931 ”
359 3785 435 4009 13
474 3906 611 4041 ginis
651 3902 875 4008 Ordinis
915 3905 1380 4011 praedicatorum.
1427 3907 1583 4028 Quae
1627 3906 1808 4010 adhuc
1844 3897 1885 3997 iu

247 4086 463 4188 saeculo
493 4085 750 4209 exsistens
775 4086 830 4186 in
859 4086 1117 4190 manibus
1156 4089 1326 4191 sancti
1359 4087 1707 4190 patriarchae
1741 4076 1888 4186 Domi·

247 4264 358 4367 nioi
391 4262 715 4398 virginitatis
754 4279 807 4365 et
850 4264 1126 4399 religionis
1164 4282 1357 4368 votum
1393 4263 1565 4388 iecit;
1606 4264 1783 4399 eoque
1816 4254 1890 4360 de·

247 4441 462 4560 intacto,
531 4440 851 4575 gravissimis
909 4438 1342 4545 domesticorum
1406 4436 1891 4582 oppugnationibus

248 4617 458 4720 fortiter
495 4616 780 4755 superatis
804 4614 1201 4720 Monasteriunr
1239 4616 1471 4725 Sanctae
1516 4618 1740 4753 Agnetis
1768 4599 1891 4753 apud

247 4835 366 4903 eam
399 4801 592 4904 urben]
623 4795 890 4917 fundavit,
921 4799 978 4898 in
1010 4834 1124 4935 quo
1155 4798 1413 4904 tredecim
1452 4833 1626 4905 annos
1654 4789 1891 4905 sanctissi-

249 5014 335 5083 nre
374 4980 544 5080 vixit:
578 4995 631 5081 et
661 4994 783 5114 post
814 4995 1044 5080 mortem
1074 4978 1351 5081 miraculis
1381 4978 1596 5084 claruit.

330 5157 561 5260 ibidem:
593 5151 873 5253 Beatarunr
901 5151 1145 5288 ejdsdern
1176 5150 1400 5258 Ordinis
1418 5154 1716 5292 Virginum
1745 5140 1892 5254 Caed-

247 5340 346 5440 liae
386 5354 439 5437 et
484 5330 728 5435 Amatae.
771 5329 925 5452 Quae
962 5331 1020 5430 in
1059 5330 1309 5433 Romano
1365 5330 1699 5436 Monasterio
1736 5312 1888 5433 Sancti

247 5510 405 5652 Xysti
434 5513 503 5612 ab
539 5510 656 5646 ipso
686 5524 875 5609 sancto
915 5506 1202 5612 Durninico
1231 5507 1301 5610 ad
1333 5509 1591 5612 habitum
1629 5528 1684 5614 e't
1717 5497 1884 5647 profes·
1970 5596 1993 5663 ·:
