3990 6082
748 414 846 492 Dist.
873 413 925 492 ll.
958 414 1011 492 Oe
1034 412 1250 495 Conversis.
1403 479 1405 485 .
1451 420 1454 425 '
1775 409 1824 483 l'l

147 550 363 655 Magisterii
390 557 430 634 iu
456 559 669 657 Theolcgia
693 563 871 663 gradum,
900 565 1019 642 etiam
1048 587 1136 641 cum
1168 564 1323 641 licentia
1351 561 1523 663 Magistri
1553 558 1733 651 Ordinis,
1764 554 1823 633 vel

148 670 316 773 Capituli
344 673 561 772 Generalis,
583 688 785 758 assecutus
812 679 955 760 luerit:
979 703 1052 782 pro
1074 703 1152 759 nou
1183 679 1443 759 Baccalaureo
1462 677 1522 756 vel
1552 673 1739 775 Magistro
1757 673 1825 750 ba·

147 787 290 867 beatur
330 791 369 866 in
417 800 552 871 nostro
592 793 743 873 Ordine
771 797 810 871 iu
852 796 1039 874 omnibus
1066 807 1104 873 et
1143 819 1213 897 per
1246 798 1406 882 omnia;
1437 795 1574 871 dantes
1601 788 1825 869 facultatem

147 903 318 991 cuilibet,
335 907 575 1002 delinitorio,
603 912 763 989 conscio
791 913 946 989 notorie
973 912 1023 988 de
1050 910 1326 990 insufficientia
1354 909 1527 1011 promoti
1555 906 1629 984 sibi
1657 904 1822 998 subditi,

149 1024 302 1125 absque
325 1025 476 1123 jndicio
504 1027 565 1106 vel
591 1032 771 1109 examine
797 1053 888 1109 suae
913 1031 1169 1109 sufficientiae
1202 1032 1266 1109 bic
1291 1040 1435 1109 statuto
1456 1059 1462 1106 :
1484 1029 1593 1130 quod
1620 1026 1824 1104 declarent

150 1140 281 1241 ipsum
298 1164 372 1239 pro
390 1164 469 1221 non
488 1157 671 1244 promoto
691 1147 732 1222 in
754 1157 887 1226 nostro
907 1147 1059 1225 Ordine
1074 1147 1315 1225 babendum.
1332 1146 1479 1226 Poterit
1495 1154 1626 1222 umen
1645 1140 1826 1242 Magister

150 1252 343 1350 Ordinis,
379 1257 411 1336 si
438 1257 610 1358 aliquem
639 1261 756 1339 talem
786 1264 1027 1362 assignatum
1057 1261 1230 1365 legitime
1255 1261 1440 1363 impediri
1469 1262 1705 1359 contigerit,
1735 1257 1823 1337 loco

148 1372 235 1471 ejus
260 1371 382 1449 alium
411 1372 630 1474 deputare,
660 1379 771 1476 cuius
798 1390 906 1456 actus
933 1378 1086 1456 valeant
1104 1401 1175 1477 pro
1198 1378 1336 1469 forma,
1367 1390 1406 1456 et
1431 1376 1555 1478 gradu
1574 1373 1818 1475 Magisterii:

147 1486 370 1567 dummodo
388 1511 459 1589 per
481 1513 652 1590 sequens
677 1493 902 1594 Capitulum
934 1493 1125 1572 Generale
1153 1493 1300 1572 luerint
1329 1492 1555 1594 approbati.

198 1602 334 1704 Neque
355 1604 500 1706 aliquis
521 1609 770 1707 magistratur
796 1609 836 1685 in
865 1608 1079 1708 Theologia
1100 1638 1107 1684 :
1126 1611 1202 1686 nisi
1236 1611 1347 1710 prius
1374 1617 1483 1686 actus
1513 1605 1730 1686 exercuerit
1749 1626 1821 1705 pro

146 1718 289 1816 forma,
310 1728 349 1798 et
370 1720 494 1821 gradu
512 1722 691 1825 praedicti
720 1725 936 1823 Magisterii
956 1748 1027 1825 per
1050 1736 1221 1825 quatuor
1240 1747 1366 1804 annos
1385 1723 1434 1800 ad
1462 1723 1607 1811 minus,
1629 1723 1668 1798 in
1688 1719 1820 1821 aliqua

148 1833 428 1916 Universitate.
454 1836 692 1939 Oppositum
713 1848 844 1917 autem
863 1839 1022 1933 faciens,
1044 1863 1091 1918 eo
1115 1841 1201 1942 ipso
1221 1840 1273 1920 sit
1291 1838 1653 1918 excommunicatus
1672 1865 1682 1929 ;
1703 1844 1821 1936 atque

145 1951 337 2030 omnibus
365 1953 501 2053 gratiis
527 1961 565 2031 et
593 1954 732 2033 officiis
760 1955 957 2050 Ordinis,
984 1969 1022 2033 et
1048 1956 1369 2056 exemptionibus
1395 1962 1586 2056 perpetuo
1614 1952 1665 2031 sit
1694 1951 1820 2052 priva·

144 2076 245 2146 tus:
277 2089 350 2145 nec
389 2090 522 2147 secum
549 2070 772 2170 dispensari
800 2061 940 2163 valeat,
977 2072 1050 2148 nisi
1083 2094 1153 2171 per
1180 2071 1407 2171 Capitulum
1450 2066 1652 2150 Generale.
1684 2064 1821 2145 Nullus

144 2180 330 2261 Fratrum
352 2196 578 2263 nostrorum
607 2185 704 2289 legat
722 2188 763 2263 in
791 2188 1011 2288 Prophetis
1033 2187 1093 2264 vel
1122 2188 1162 2262 in
1183 2186 1351 2265 Psalmis
1377 2186 1499 2264 alium
1530 2205 1688 2264 sensum
1717 2183 1819 2262 litte·

131 2296 272 2377 .ralem
310 2327 318 2374 :
353 2299 429 2377 nisi
458 2324 575 2401 quem
604 2304 728 2380 sancti
758 2303 891 2381 Patres
915 2302 1137 2403 approbant
1163 2313 1201 2382 et
1228 2303 1477 2383 confirmant.
1519 2300 1627 2378 Libri
1654 2298 1820 2378 Ordinis

141 2412 205 2492 vel
226 2413 409 2493 Fratrum
427 2437 506 2494 nou
527 2417 747 2496 vendantur
769 2447 776 2494 ε
796 2418 870 2495 uisi
898 2418 1069 2516 pretium
1093 2441 1231 2498 eorum
1257 2420 1297 2496 in
1325 2417 1426 2497 alios
1454 2416 1577 2496 libros
1597 2415 1655 2494 vel
1676 2415 1820 2515 scripta

141 2539 437 2610 convertantur.

196 2644 314 2725 Nulla
340 2646 484 2748 scripta
512 2647 611 2726 iacta
638 2646 698 2725 vel
721 2647 933 2748 compilata
961 2671 983 2724 a
1021 2650 1224 2728 Fratribus
1246 2648 1496 2749 aliquatenus
1525 2645 1777 2746 publicentur
1807 2674 1814 2723 :

143 2761 223 2839 nisi
251 2784 322 2861 per
353 2763 506 2843 Fratres
536 2764 697 2864 peritos,
726 2763 873 2862 quibus
915 2765 1099 2866 Magister
1140 2764 1304 2843 Ordinis
1331 2763 1389 2842 vel
1420 2764 1534 2841 Prior
1561 2763 1817 2842 Provincialis

143 2879 404 2990 commiserit,
434 2880 646 2983 diligenter
667 2881 814 2959 fuerint
840 2883 1076 2960 examinata.
1097 2882 1233 2958 Frater
1258 2891 1365 2959 extra
1389 2879 1625 2974 Conventus,
1646 2901 1817 2979 quorum

146 3007 238 3075 sunt
275 2996 360 3091 filii,
396 2998 581 3097 assignati
610 2997 660 3074 ad
687 3006 858 3098 tempus,
889 2998 928 3073 id
957 3006 1029 3093 est,
1062 2997 1112 3074 ad
1139 2997 1367 3074 exercitium
1396 3019 1464 3074 seu
1492 2993 1681 3091 officium,
1711 3006 1819 3074 certo

145 3121 184 3191 et
210 3110 473 3191 determinata
500 3121 678 3212 tempore
706 3111 878 3204 durans;
908 3113 1107 3212 completo
1135 3112 1204 3192 illo
1223 3121 1330 3190 certo
1351 3122 1543 3211 tempore,
1564 3132 1611 3188 ex
1629 3131 1709 3212 quo
1729 3123 1820 3190 suut

143 3226 317 3306 absoluti
335 3251 357 3305 a
374 3228 443 3305 tali
465 3228 745 3328 assignatione,
771 3227 1042 3329 intelligantur
1065 3227 1253 3330 assignati
1282 3229 1323 3304 iu
1343 3227 1624 3321 Convenimus,
1646 3248 1815 3326 quorum

144 3355 239 3423 sunt
264 3343 334 3420 filii
368 3371 376 3419 :
412 3343 490 3422 uisi
515 3342 706 3444 Superior
732 3365 799 3421 eos
825 3344 919 3420 alibi
946 3344 1217 3445 assignaverit.
1247 3344 1442 3445 assignati
1469 3351 1597 3420 autem
1625 3342 1816 3443 simplici·

141 3464 217 3555 ter,
255 3480 457 3559 nunquam
484 3457 755 3557 intelligantur
781 3459 966 3558 assignati
996 3459 1036 3533 in
1066 3450 1346 3556 Conventibus,
1385 3478 1555 3558 quorum
1584 3466 1673 3534 sunt
1702 3456 1774 3532 lilii
1804 3485 1812 3532 :

143 3575 222 3652 nisi
251 3575 552 3677 reassignentur.
577 3573 715 3652 Nullus
739 3573 946 3653 ordinetur
975 3575 1013 3649 in
1040 3574 1363 3653 subdiaconum:
1387 3573 1463 3650 nisi
1492 3573 1591 3650 sciat
1615 3572 1817 3650 Gramma·

146 3686 279 3787 tic'am,
299 3691 354 3769 ita
379 3689 488 3792 quod
511 3689 607 3768 sciat
633 3686 753 3768 latine
777 3688 885 3789 loqui
912 3697 952 3767 et
978 3688 1166 3785 scribere,
1189 3689 1339 3790 absque
1367 3688 1459 3766 falsa
1489 3687 1697 3767 latinitate.
1716 3689 1765 3766 Et
1782 3689 1816 3764 si

145 3812 205 3884 est
231 3805 520 3901 subdiaconus,
546 3827 625 3884 non
654 3804 721 3881 fiat
750 3803 978 3882 Diaconos:
1002 3806 1033 3881 si
1066 3816 1126 3884 est
1163 3806 1375 3900 Diaconos,
1406 3826 1485 3883 aon
1513 3803 1581 3881 fiat
1608 3801 1813 3883 Sacerdos.

146 3921 348 4002 Praelatus
373 3931 502 4002 autem
531 3921 700 4023 quilibet
726 3942 929 4022 exponens
955 3920 1068 3999 aliter
1093 3922 1264 4022 aliquem
1291 3984 1300 4018 ‚
1337 3920 1563 4000 absolvatur
1590 3918 1630 3994 in
1656 3941 1812 4020 poenam

145 4038 197 4116 ab
214 4034 346 4117 officio
367 4067 374 4115 :
396 4050 434 4118 et
455 4061 524 4138 per
543 4037 758 4117 triennium
777 4038 886 4115 omui
905 4035 1036 4115 officio
1056 4036 1221 4115 Ordinis
1236 4038 1425 4138 privetur.

320 4272 384 4351 De
420 4271 692 4351 Conversis
731 4299 738 4348 :
784 4259 1286 4370 quintamdecimam
1327 4269 1639 4369 Capitulum.

214 4526 311 4583 onan
350 4512 527 4605 tempore
572 4512 732 4604 surgant
758 4502 961 4598 Conversi,
992 4524 1071 4604 quo
1098 4513 1134 4581 et
1161 4502 1229 4580 alii
1257 4501 1410 4580 l’ratres
1432 4531 1439 4578 :
1459 4512 1498 4580 et
1522 4501 1661 4581 eodem
1691 4501 1811 4583 modo

150 4527 434 4703 Einclinent.
456 4619 552 4698 Cum
580 4619 824 4697 surrexerint
850 4619 898 4695 ad
931 4617 1154 4717 Matutinas,
1174 4619 1308 4696 dicant
1332 4619 1450 4696 Pater
1467 4626 1604 4713 roser,
1634 4627 1672 4696 et
1691 4617 1812 4698 Credo

146 4738 192 4816 irv
217 4737 340 4815 Deum
365 4759 378 4814 .·
402 4735 508 4836 quod
539 4736 762 4814 iaciendum
790 4744 846 4812 est
874 4746 964 4812 aute
988 4735 1191 4832 Primam,
1226 4749 1264 4814 et
1295 4747 1384 4836 post
1411 4735 1736 4836 Complatorium.
1768 4738 1812 4815 ln

147 4852 350 4933 Matutinis
379 4851 485 4930 dicto
503 4852 621 4930 Peter
647 4861 786 4946 noster,
809 4860 848 4928 et
877 4851 998 4930 Credo
1025 4853 1069 4930 iri
1093 4854 1218 4931 Ile-vm
1245 4878 1257 4930 .·
1284 4852 1435 4952 erigant
1457 4875 1512 4946 se,
1541 4851 1709 4930 dicendo
1736 4852 1811 4930 Do

145 4969 252 5047 mine
279 4968 384 5046 labio
411 4990 510 5064 meo,
539 4977 608 5047 cto.
643 4970 717 5047 Pro
745 4967 952 5047 Matutiuis
979 4968 1020 5046 iu
1049 4969 1231 5071 profestis
1262 4968 1403 5046 diebus
1427 4969 1561 5046 dicant
1583 4968 1811 5070 vigintiocto

145 5087 264 5165 Peter
286 5094 414 5163 mater
435 5109 447 5162 .·
471 5095 509 5162 et
531 5086 571 5161 in
599 5085 676 5162 fine
698 5084 976 5163 tantummodo
1004 5085 1137 5163 dicant
1161 5083 1280 5184 Kyrie
1305 5083 1460 5180 eiciam
1484 5084 1635 5164 Christe
1651 5082 1806 5179 ebion,

144 5202 264 5305 Kyrie
284 5200 435 5291 eleison
471 5193 587 5279 Pater
612 5210 752 5297 mater,
781 5208 849 5277 etr.
873 5203 962 5298 Quo
988 5201 1095 5280 dicto
1123 5201 1256 5279 dicant
1279 5200 1357 5278 Per
1385 5202 1598 5281 Dominum
1619 5210 1808 5298 rostrum,

144 5328 213 5398 etc.
232 5343 245 5396 .·
263 5317 406 5396 deinde
428 5316 703 5396 Benediccrnvs
727 5316 907 5415 Domino,
936 5325 1004 5395 ete.
1032 5320 1076 5397 ln
1095 5316 1279 5419 Vesperis
1302 5338 1395 5396 vero
1415 5315 1715 5421 quatuordecim
1734 5316 1811 5394 Po·

146 5443 204 5514 ter
216 5441 345 5514 noster
363 5461 370 5509 :
394 5433 434 5510 in
451 5433 539 5512 aliis
557 5435 676 5513 Horis
692 5443 844 5534 septem
862 5434 982 5512 Peter
994 5444 1123 5513 mater
1135 5433 1282 5513 dicant.

176 5614 179 5619 .
197 5552 244 5630 ln
262 5549 515 5630 festinantem
533 5572 674 5631 novem
696 5549 929 5630 motionum
951 5581 958 5629 :
999 5553 1040 5629 in
1055 5550 1256 5633 Matutinis
1268 5548 1533 5657 quadraginta
1541 5550 1664 5633 Pater
1682 5558 1812 5633 mur
