3982 6084
792 397 1238 503 SEPTEMBER.
1750 409 1855 513 199

165 622 277 749 qui
322 621 508 724 multis
549 622 847 724 virtritibus
874 638 927 725 et
971 621 1248 724 miraculis
1293 621 1504 727 claruit.
1535 610 1592 720 ln
1641 621 1861 725 civitate

167 759 461 901 Albigensi
490 796 502 866 ε
531 768 704 868 sancti
746 763 907 868 Salvii
946 762 1208 904 Episcopi
1248 783 1301 866 et
1341 764 1678 868 confessoris.
1711 750 1862 865 Con-

163 908 543 1064 stantinopoli
571 941 582 1012 :
612 926 816 1012 sanctae
843 908 1147 1011 Pulcheriae
1172 907 1434 1044 Augdstae
1476 910 1713 1043 virginis,
1742 909 1838 1011 reii

166 1053 345 1189 grone
367 1072 420 1156 et
445 1053 647 1191 pietate
667 1055 909 1190 insignis.
1829 1093 1832 1099 ’

561 1217 751 1334 Tertio
776 1228 904 1332 idus
929 1227 1297 1367 Septembris:
1328 1228 1486 1331 Luna
1821 1226 1948 1330 Bnn

162 1379 320 1480 ab
386 1411 413 1475 c
480 1378 918 1514 netgo
997 1382 1291 1479 iklrn
1357 1402 1858 1515 npqrstu

162 1527 1863 1609 wnnnnnnnnnnnrasmor

154 1619 1860 1734 ABCDEFFGHMNP

152 1764 1865 1852 8919111913131115161718

148 1905 406 2128 Roma
434 1907 516 2007 via
543 1906 743 2009 Salaria
770 1910 956 2028 veteri,
985 1912 1041 2009 in
1071 1910 1382 2012 coemeterio
1407 1906 1645 2011 Basiiiae:
1676 1909 1935 2012 natalison
1962 1940 1972 2000 r

325 2049 639 2153 sanctorum
679 2055 983 2192 martyrum
1025 2053 1170 2154 Proti
1198 2069 1252 2154 et
1278 2049 1577 2190 Hyacinthi
1617 2051 1866 2172 fratrum,

148 2194 585 2296 eunuchorum
613 2195 788 2299 beatae
814 2195 1094 2333 Eugeniae.
1125 2194 1234 2318 Qui
1274 2196 1378 2297 sub
1414 2195 1665 2300 Gallie'no
1690 2198 1870 2334 irnpe-

149 2335 376 2440 ratorc
420 2337 748 2476 deprehensi
792 2340 945 2476 quod
997 2358 1172 2444 essent
1217 2337 1532 2458 Christiani,
1566 2337 1871 2444 sacrificare

151 2483 474 2616 coguntur
494 2513 506 2602 ;
528 2482 619 2584 sed
644 2516 756 2584 non
782 2485 1201 2605 eonsentientes,
1231 2484 1410 2621 primo
1437 2482 1723 2587 durissime
1749 2515 1871 2586 ver·

152 2606 372 2726 bera'ti
391 2644 523 2728 sunt
546 2657 555 2725 :
579 2660 644 2729 ac
666 2628 887 2730 tandem
911 2628 1113 2766 pariter
1134 2627 1404 2730 decollati.
1426 2616 1707 2719 Memoria.
1734 2619 1870 2727 Lao·

156 2752 369 2872 diceae
411 2770 470 2871 in
513 2766 549 2871 S
590 2772 702 2872 ria:
733 2772 910 2910 passio
949 2770 1268 2874 sanctorum
1303 2769 1545 2890 Diodori,
1569 2768 1869 2891 Diomedis

158 2921 244 3004 et
271 2910 512 3051 Didymi.
532 2902 535 2907 ’
580 2914 773 3050 agione
792 2917 850 3015 in
873 2913 1166 3052 Hispania:
1190 2915 1362 3016 sancti
1384 2909 1668 3018 Vincentii
1689 2906 1872 3018 Abba-

165 3045 265 3154 tis
293 3075 347 3159 et
375 3056 644 3197 martyris.
671 3048 730 3158 ln
759 3058 994 3199 AEgypto
1023 3090 1033 3160 :
1063 3060 1234 3162 sancti
1264 3058 1561 3197 Paphnnrii
1591 3058 1869 3197 Episcopi.

168 3181 311 3338 Qui
335 3234 484 3303 unus
505 3202 611 3302 i'uit
630 3233 695 3304 ex
719 3203 784 3305 iis
815 3201 1252 3306 confessoribus:
1281 3202 1380 3338 qui
1406 3202 1512 3304 sub
1538 3200 1872 3303 Maximiano

171 3347 548 3480 lmperatore‚
563 3343 756 3448 dextro
778 3348 939 3450 oculo
960 3344 1176 3466 effosso
1190 3364 1244 3447 et
1264 3347 1481 3447 sinistro
1502 3345 1711 3485 poplite
1732 3346 1872 3449 exci-

180 3500 277 3606 so,
304 3484 377 3586 ad
405 3489 618 3591 metalla
646 3487 891 3592 damnati
921 3489 1163 3593 fuerunt.
1188 3488 1399 3591 Deinde
1423 3490 1529 3591 snb
1555 3487 1872 3590 Constanti-

186 3643 274 3732 no
303 3628 502 3767 Magno
527 3630 787 3736 adversus
826 3633 1057 3739 Arianos
1083 3666 1183 3773 pro
1210 3629 1322 3736 fide
1341 3629 1626 3736 Catholica
1651 3638 1873 3737 strenue

190 3770 534 3880 decertavit:
559 3794 613 3879 et
651 3774 874 3880 demoni
916 3778 1103 3879 multis
1142 3776 1357 3879 coronis
1402 3794 1597 3878 auctus
1641 3777 1700 3877 in
1740 3808 1873 3914 pace

246 3919 430 4023 nidvit.
454 3912 718 4056 Lugdani
750 3921 1058 4059 :depositio
1096 3922 1267 4023 sancti
1299 3919 1556 4023 Patientis
1596 3918 1871 4059 Episcopi.

254 4062 548 4167 iexandriae
571 4095 581 4165 :
605 4086 808 4168 sanctas
828 4065 1153 4168 Theodorae.
1183 4062 1322 4186 Quae
1343 4097 1469 4167 cum
1499 4065 1723 4167 incaute
1743 4061 1875 4166 deli-

191 4206 426 4340 quisset,
455 4207 583 4311 facti
622 4211 928 4346 poenitens:
957 4211 1094 4311 mira
1134 4208 1469 4311 abstinentia
1508 4226 1562 4309 et
1588 4207 1873 4347 patientia,

189 4345 256 4448 in
282 4349 481 4453 habitu
500 4369 690 4456 sancto
716 4353 1016 4489 incognita,
1044 4353 1406 4493 perseveravit
1430 4385 1608 4487 usque
1633 4348 1704 4452 ad
1725 4381 1874 4450 mor-

186 4503 328 4596 tem.

576 4663 752 4779 Pridie
780 4674 909 4780 idus
935 4674 1308 4817 Septembris:
1333 4675 1486 4783 Luna
1515 4709 1535 4752 ·
1814 4676 1940 4796 ,an

183 4852 221 4919 a
292 4824 1862 4966 bcdeigiriklrnnpqrstn

192 4965 1341 5057 202122232425262728293012
1417 4974 1874 5055 315678

191 5066 1866 5183 ABCDEFFGHMNP

202 5208 226 5284 9
349 5213 396 5291 19
498 5216 541 5292 11
643 5216 689 5294 19
790 5219 838 5296 13
934 5220 981 5296 ii
1082 5220 1130 5298 14
1231 5215 1425 5301 tato
1527 5217 1572 5293 i'i
1692 5218 1874 5324 1819

262 5383 289 5449 n
327 5349 623 5491 Bithynia:
664 5356 837 5457 sancti
878 5357 1182 5459 Autdnorni
1222 5354 1481 5495 Episcopi
1508 5372 1562 5456 et
1598 5357 1976 5496 martyrisner

210 5380 249 5604 1
298 5491 408 5616 Qui
442 5529 504 5599 ex
550 5496 698 5599 ltalia
730 5496 1053 5604 Diocletiani
1092 5499 1533 5641 persecutionem
1572 5496 1868 5625 declinans,
1914 5621 1919 5630 ,
