3990 6082
480 396 576 474 Oist.
599 385 651 473 ll.
676 397 729 474 De
747 397 927 475 electione
945 399 1125 498 Moqr'stri
1150 396 1324 476 Ordinis,
1695 405 1740 482 31

62 566 158 622 nem
186 546 361 643 Magistri
390 545 550 622 Ordinis
576 546 850 625 admittantur.
876 547 1054 644 Quorum
1082 549 1284 649 antiquior
1309 549 1349 624 in
1380 547 1561 627 Ordine:
1591 553 1641 630 sit
1670 553 1738 633 illo

59 681 170 739 anno
199 660 400 739 Generalis
433 660 601 760 Capituli
629 662 833 740 Definitor.
864 663 942 760 Qui
970 665 1003 740 si
1031 665 1078 740 ad
1108 664 1332 764 Capitulum
1362 686 1440 743 non
1467 668 1629 761 venerit,
1668 679 1737 747 aut

57 776 332 876 praecedentis
365 775 536 875 Capituli
573 778 765 856 exstiterit
800 777 1033 855 Definitor:
1072 789 1165 857 tunc
1199 779 1248 855 ad
1284 779 1555 858 definitionem
1590 782 1735 862 elector

57 888 164 967 alius
190 888 435 968 admittatur.

113 1003 193 1101 Qui
221 1015 432 1105 postquam
454 1007 678 1107 congregati
714 1006 873 1102 luerint,
904 1008 943 1082 in
977 1007 1116 1107 Vigilia
1150 1006 1438 1086 Pentecostes:
1477 1032 1499 1084 a
1537 1010 1739 1091 Prioribus

65 1116 400 1198 Conventualibus
427 1119 533 1198 illius
561 1121 802 1218 Provinciae,
832 1133 871 1198 et
897 1144 918 1198 a
946 1117 1149 1199 Fratribus
1182 1122 1452 1221 praesentibus
1478 1124 1517 1198 in
1546 1124 1646 1222 loco,
1672 1127 1740 1205 ubi

64 1232 244 1312 facienda
277 1244 338 1311 est
362 1234 515 1330 electio,
545 1236 585 1311 in
614 1257 695 1314 uno
721 1237 896 1314 conclavi
924 1237 1089 1314 firmiter
1119 1237 1398 1326 includantur:
1430 1238 1482 1316 ita
1508 1240 1615 1339 quod
1648 1242 1741 1323 inde

65 1347 201 1448 egredi
228 1347 451 1427 nullatenus
467 1349 633 1443 valeant,
656 1373 727 1427 nec
745 1351 802 1427 eis
821 1350 904 1428 ullo
927 1349 1047 1429 modo
1069 1351 1200 1451 aliqua
1225 1351 1411 1429 alimenta
1431 1353 1736 1434 ministrentur:

65 1485 275 1563 quousque
302 1464 487 1564 Magister
506 1461 672 1541 Ordinis
698 1464 914 1543 secundum
943 1467 1110 1543 formam
1138 1466 1367 1542 canonicam
1391 1467 1441 1543 sit
1471 1469 1630 1547 electus.
1655 1471 1739 1548 lloc

65 1584 231 1656 autem:
261 1588 340 1655 tam
372 1577 424 1655 ab
455 1578 716 1675 Electoribus,
752 1602 870 1678 quam
897 1602 920 1657 a
948 1580 1243 1657 recludentibus
1274 1581 1538 1680 praecipimus
1572 1582 1739 1664 firmiter

63 1691 282 1793 observari.
302 1690 419 1789 Quod
439 1693 472 1768 si
496 1694 586 1792 quis
604 1696 802 1771 contraire
821 1693 1146 1794 praesumpserit,
1169 1694 1256 1793 ipso
1278 1694 1380 1773 lacto
1399 1696 1450 1773 sit
1467 1701 1739 1778 excommuni-

67 1814 181 1886 catus
199 1835 209 1883 :
234 1815 272 1885 et
291 1828 459 1906 poenam
477 1808 647 1908 gravimi
665 1807 805 1908 culpae
823 1808 997 1886 debitam
1019 1808 1239 1886 sustinebit.

118 1920 260 2000 Forma
278 1933 409 2000 autem
427 1919 660 1999 electionis:
683 1923 779 1999 baec
797 1933 869 2000 est.
890 1923 1137 2000 Electoribus
1163 1922 1388 2022 supradicto
1415 1923 1534 2001 modo
1561 1927 1738 2030 inclusis,

64 2057 160 2115 cum
188 2058 259 2136 per
282 2035 603 2136 disquisitionem
630 2036 689 2114 vel
718 2038 954 2115 scrutinium
979 2037 1223 2116 voluntatum
1251 2037 1439 2137 procedet
1464 2040 1633 2135 electi0;
1663 2052 1741 2123 tres

65 2150 119 2229 de
145 2150 349 2229 Prioribus
373 2150 698 2246 ProvincialibuS,
720 2153 788 2251 qui
816 2153 919 2230 inter
946 2152 1046 2231 alios
1072 2154 1232 2252 triginta
1259 2164 1297 2229 et
1323 2174 1446 2230 unum
1475 2155 1741 2237 Provinciales

68 2265 257 2366 primitus
287 2264 463 2343 habitum
498 2276 654 2344 nostrae
685 2266 904 2367 Religionis
933 2277 1204 2368 susceperunt,
1234 2267 1471 2346 voluntatem
1492 2270 1738 2371 singulorum

67 2380 283 2481 sigillatim,
304 2391 343 2459 et
364 2402 543 2459 seorsum
570 2379 860 2480 aliquantulum
884 2383 923 2458 in
948 2382 1083 2460 eadem
1111 2382 1231 2460 domo
1254 2403 1384 2474 coram
1407 2383 1532 2460 oculis
1559 2389 1739 2467 omnium

65 2494 289 2596 disquirent
315 2505 353 2574 et
380 2495 631 2574 conscribant
660 2522 668 2569 :
699 2496 844 2574 deinde
880 2499 1117 2597 scripturam
1145 2497 1348 2597 publicent
1381 2497 1422 2572 in
1456 2498 1643 2597 medium,
1679 2526 1739 2581 ex-

67 2612 215 2710 pressis
239 2611 469 2689 nominibus
496 2611 726 2711 eligentium
749 2621 788 2688 et
806 2612 1035 2690 electorum.
1059 2612 1175 2707 Quod
1197 2613 1245 2702 si,
1266 2612 1336 2687 Dei
1359 2614 1479 2712 gratia
1507 2616 1737 2714 inspirante,

67 2725 109 2801 iu
142 2746 267 2803 unum
299 2725 471 2825 aliquem
502 2747 641 2803 omnes
671 2725 912 2804 unanimiter
944 2727 1297 2805 concordaverint:
1328 2725 1395 2803 ille
1418 2749 1531 2804 verus
1557 2731 1739 2831 Magister

68 2838 234 2947 Ordinis
259 2840 460 2919 habeatur.
493 2840 534 2919 Si
567 2852 697 2919 autem
733 2841 772 2915 in
808 2850 939 2940 partes
973 2841 1200 2941 inaequales
1236 2864 1277 2918 se
1311 2841 1543 2940 diviserint;
1576 2844 1657 2941 ille,
1695 2849 1735 2924 in

69 2985 189 3065 quem
218 2962 351 3062 plures
379 2962 588 3040 medietate
613 2963 794 3040 omnium
821 2963 1052 3065 eligentium
1083 2966 1383 3043 consenserint:
1412 2987 1459 3040 ex
1486 2967 1521 3040 vi
1549 2967 1635 3044 talis
1661 2968 1738 3046 ele·

69 3077 215 3156 ctionis
242 3086 279 3154 et
303 3077 421 3177 bujus
448 3078 752 3156 Constitutionis
783 3079 834 3156 sit
862 3079 1025 3156 Ordinis
1053 3079 1245 3180 Magister.
1269 3079 1383 3176 Quod
1415 3080 1448 3154 si
1483 3079 1655 3181 aliquem
1680 3084 1739 3162 vel

68 3190 227 3292 aliquos
244 3191 294 3268 de
317 3191 564 3270 Electoribus
586 3193 794 3293 contigerit
818 3216 897 3270 non
927 3195 1089 3271 venire:
1119 3193 1379 3270 nibilominus
1403 3203 1533 3271 tamen
1556 3218 1628 3294 per
1656 3219 1737 3295 eos,

67 3307 138 3409 qui
165 3306 409 3402 advenerint,
429 3306 569 3385 electio
592 3308 766 3407 Magistri
796 3308 960 3385 Ordinis
988 3309 1218 3385 celebretur.
1243 3308 1327 3385 lloc
1354 3318 1483 3386 autem
1506 3309 1561 3386 ita
1582 3309 1647 3388 fiat
1667 3339 1676 3386 :
1698 3323 1741 3388 ut

69 3444 227 3522 semper
262 3422 303 3497 in
332 3423 506 3500 secunda
535 3423 647 3499 Feria
675 3423 923 3501 Pentecostes
950 3423 1174 3522 Capitulum
1202 3422 1343 3499 babeat
1373 3423 1616 3521 Magistrum,
1636 3427 1740 3503 auti-

69 3559 194 3637 quum
218 3537 276 3617 vel
305 3559 463 3632 novum,
495 3548 741 3638 praesentem
769 3538 827 3614 vel
856 3538 1056 3617 absentem
1077 3567 1089 3637 3
1118 3539 1208 3638 quia
1232 3548 1324 3614 tunc
1348 3537 1488 3636 incipit
1513 3541 1741 3618 solemniter

69 3654 261 3733 celebrari
283 3684 290 3731 :
312 3677 361 3733 ne
379 3655 613 3755 acephalum
627 3654 839 3752 judicetur.

121 3771 217 3849 Haec
242 3793 333 3849 vero
359 3770 507 3865 omnia,
537 3791 637 3869 quae
668 3769 774 3846 circa
808 3768 1044 3845 electionem
1072 3766 1245 3868 Magistri
1273 3773 1416 3843 statuta
1445 3775 1561 3845 sunt:
1592 3768 1742 3870 absque

70 3886 386 3964 contradictione
431 3884 612 3964 volumus
648 3892 686 3961 et
719 3883 984 3983 praecipimus
1027 3881 1192 3959 firmiter
1232 3879 1447 3959 observari.
1491 3881 1740 3983 Quicumque

70 4008 205 4079 autem
232 4022 349 4078 ausus
374 4000 491 4078 fuerit
517 3998 786 4077 contradicere
812 3997 1079 4097 pertinaciter,
1114 3997 1173 4074 vel
1200 3994 1394 4073 rebellare
1416 4025 1423 4070 :
1444 4006 1643 4097 tamquam
1672 4022 1741 4074 ex-

68 4117 397 4204 communicatus,
419 4125 457 4192 et
483 4114 771 4208 schismaticus,
791 4122 830 4190 et
859 4111 1081 4190 destructor
1113 4112 1236 4189 nostri
1263 4109 1427 4189 Ordinis
1454 4111 1670 4204 habeatur;
1701 4125 1738 4193 et

70 4253 279 4332 quousque
302 4253 380 4308 non
405 4228 648 4323 satisfecerit,
679 4252 702 4305 a
729 4229 1009 4305 communione
1037 4226 1216 4303 omnium
1242 4224 1293 4301 sit
1314 4225 1471 4324 penitus
1497 4224 1650 4303 alienus
1670 4256 1677 4301 :
1700 4243 1739 4305 et

70 4367 223 4447 poenae
248 4346 437 4447 gravioris
465 4345 604 4444 culpae
631 4343 841 4443 subjaceat.
873 4343 1139 4442 Praecipimus
1166 4351 1296 4421 autem
1324 4343 1364 4417 in
1391 4343 1532 4420 virtute
1569 4343 1739 4443 Spiritus

70 4461 197 4540 sancti
218 4490 226 4537 :
248 4471 292 4540 ut
325 4460 458 4538 nullus
488 4470 578 4537 ante
604 4459 838 4538 electionem
863 4458 1038 4559 Magistri
1066 4457 1243 4554 Ordinis,
1267 4457 1370 4534 circa
1397 4465 1538 4535 statum
1572 4456 1738 4536 Ordinis

69 4575 223 4677 aliquid
242 4578 383 4655 audeat
400 4577 623 4654 immutare.

119 4691 337 4770 Statuimus
370 4703 514 4787 autem,
546 4689 654 4791 quod
690 4711 763 4765 nec
798 4689 981 4789 Magister
1011 4688 1190 4783 Ordinis,
1220 4708 1291 4765 neo
1324 4686 1468 4787 aliquis
1499 4688 1611 4766 Prior
1645 4691 1738 4770 Pro·

67 4807 261 4901 vincialis,
296 4816 364 4885 aut
388 4808 529 4909 quovis
556 4804 676 4883 modo
704 4805 938 4883 Praesidens
964 4805 1005 4880 in
1033 4812 1168 4881 nostro
1196 4801 1360 4899 Ordine,
1400 4802 1549 4903 aliquid
1573 4806 1738 4906 accipiat

66 4921 231 5016 directe,
258 4922 320 5002 vel
346 4923 551 5016 indirecte,
575 4921 693 5000 etiam
722 4931 864 5021 sponte
900 4918 1076 4998 oblatum
1113 4941 1135 4995 a
1166 4939 1413 5018 quacumque
1445 4940 1630 5018 persona,
1658 4922 1739 4999 sive

65 5036 255 5140 praelata,
285 5037 366 5115 sive
392 5036 551 5114 subdita
578 5043 777 5136 praetextu
812 5035 1044 5128 litterarum,
1074 5032 1208 5133 sigilli,
1240 5033 1394 5132 registri
1427 5033 1619 5131 licentiae,
1646 5058 1737 5114 con·

66 5152 315 5249 firmationis,
351 5162 390 5231 et
418 5150 693 5229 universaliter
727 5155 1008 5250 cujuscumque
1041 5147 1185 5250 gratiae
1212 5160 1280 5226 aut
1308 5148 1495 5248 justitiae,
1530 5170 1738 5230 concessae

65 5277 136 5346 aut
169 5268 471 5345 concedendae:
502 5265 571 5344 sed
599 5264 766 5366 quilibet
792 5267 844 5344 sit
870 5263 1153 5343 communibus
1179 5262 1541 5342 contributionibus
1574 5274 1614 5341 et
1645 5266 1737 5343 visi-

64 5382 286 5461 tationibus
310 5390 529 5460 contentus.
562 5382 720 5460 Priores
742 5391 870 5458 autem
903 5377 1163 5457 Provinciales
1189 5388 1228 5456 et
1255 5379 1324 5455 alii
1352 5376 1558 5455 inferiores
1581 5389 1739 5458 contra·

66 5498 253 5575 iacientes
274 5526 282 5574 :
305 5500 344 5575 in
373 5519 540 5598 poenam
559 5519 581 5574 a
606 5496 688 5574 suis
711 5495 851 5574 officiis
877 5493 1128 5573 absolvantur
1153 5491 1533 5593 indispensabiliter.
1556 5492 1742 5596 Magister
