3990 6082
221 357 257 429 X

879 484 916 561 S.
949 485 1168 583 Cyprianus

299 610 337 684 in
362 604 543 715 Epistola
572 602 633 680 37.
662 601 708 678 ad
741 602 910 706 Clarum,
942 601 991 679 110
1019 600 1319 678 Conlessoribns
1348 601 1386 673 in
1415 621 1572 677 carcere
1602 603 1840 680 constitutis

226 807 361 990 Dius
388 765 557 876 eorum,
597 779 744 881 quibus
770 781 995 878 excedunt,
1025 782 1239 878 adnotate,
1270 793 1314 862 01
1340 785 1743 866 commemorationes
1768 806 1912 865 eorum

322 899 426 978 inter
453 897 660 977 Memoriae
684 898 902 1000 Martyrum
929 897 1131 976 celebrare
1158 897 1372 999 possimus.
1463 926 1466 931 ·
1537 926 1550 933 *·
1610 928 1633 934 ‚.
1682 928 1686 934 ·

440 1114 603 1193 ltemin
631 1112 735 1190 111110
763 1112 812 1189 de
841 1113 1122 1191 Exhortatione
1150 1110 1200 1190 011
1230 1110 1479 1215 martyrium.
1511 1112 1604 1211 Cap.
1637 1112 1696 1192 11.

282 1308 323 1388 Si
351 1307 472 1410 igitur
500 1312 539 1385 01
568 1328 641 1385 000
667 1306 802 1404 dicati,
832 1333 878 1386 00
904 1309 1034 1388 devoti
1065 1309 1147 1388 [leo
1177 1309 1362 1405 vivimus,
1392 1310 1425 1386 si
1450 1333 1570 1411 snpra
1591 1314 1791 1410 justornm
1820 1314 1920 1392 anti·

228 1446 320 1524 qna,
350 1431 388 1501 et
411 1430 549 1501 sancta
575 1423 738 1524 vestigia
766 1424 839 1503 iter
865 1426 1042 1522 lauimus,
1074 1448 1144 1526 per
1169 1424 1307 1503 eadem
1332 1424 1571 1504 documenta
1596 1449 1819 1528 poenarum,
1842 1453 1918 1524 per

230 1541 367 1616 eadem
388 1539 621 1640 passionum
642 1541 831 1639 martyria
852 1564 1085 1643 pergamum
1103 1542 1178 1620 hoc
1198 1534 1433 1641 ampliorem
1453 1541 1620 1641 gloriam
1637 1551 1917 1642 computantes

230 1655 424 1756 temporis
453 1655 592 1741 nostri,
624 1654 848 1754 quodcum
879 1664 1008 1736 vetera
1036 1657 1216 1757 exempla
1246 1668 1517 1754 numerentur,
1549 1659 1786 1740 exuberante
1807 1675 1915 1763 post·

232 1771 392 1849 modum
422 1770 537 1870 copia
565 1769 736 1867 11110110,
767 1782 804 1850 01
832 1773 936 1869 fidei,
970 1774 1168 1851 numerari
1188 1795 1266 1852 non
1293 1782 1457 1872 possunt
1476 1776 1661 1876 Martyres
1680 1773 1913 1874 Christiani,

232 1896 398 1965 testante
432 1884 696 1986 Apocalypsi,
729 1897 768 1965 et
794 1888 951 1968 dicente
982 1918 988 1966 :
1021 1891 1115 1969 Post
1141 1889 1226 1966 nec
1251 1887 1331 1966 uidi
1361 1890 1521 1970 turbant
1552 1912 1764 1995 magnam,
1793 1915 1916 1998 qnam

233 2011 489 2090 dinumerare
518 2030 635 2088 nemo
662 2020 828 2111 poterat.

910 2200 947 2277 S.
978 2197 1207 2277 Ambrosius

683 2337 725 2411 in
753 2324 942 2413 Sermone
968 2332 1017 2411 de
1034 2333 1096 2410 SS.
1117 2331 1288 2426 Nazario,
1310 2335 1348 2408 01
1369 2328 1494 2407 Celso.

289 2520 419 2621 Magni
448 2523 615 2624 periculi
646 2545 708 2600 res
736 2529 809 2617 est,
837 2522 869 2600 si
899 2531 988 2622 post
1016 2522 1302 2623 Prophetarum
1331 2521 1502 2615 oracula,
1525 2535 1615 2625 post
1636 2523 1920 2625 Apostolorum

239 2638 479 2734 testimonia,
501 2648 591 2740 post
611 2640 828 2739 Martyrum
848 2637 1022 2735 vulnera,
1047 2648 1214 2717 veterem
1233 2638 1352 2716 fidem
1372 2638 1484 2738 quasi
1504 2638 1699 2718 novellam
1719 2639 1920 2721 discutere

148 2860 151 2865 .
243 2776 459 2855 praesumas
490 2784 497 2832 :
531 2764 568 2834 et
598 2762 689 2857 post
716 2765 795 2833 1010
829 2755 1057 2834 1000110οῐ00
1084 2755 1218 2849 duces,
1249 2756 1289 2830 in
1314 2777 1449 2833 errore
1478 2777 1711 2855 permaneas
1732 2785 1739 2833 :
1762 2766 1800 2836 et
1827 2768 1918 2859 post

167 2940 171 2945 .
246 2870 501 2957 morientium
533 2873 712 2968 sudores,
755 2871 881 2950 otiosa
919 2870 1186 2970 disputatione
1222 2872 1451 2948 contendas.
1490 2871 1731 2950 Veneremur
1755 2895 1849 2972 ergo
1873 2873 1917 2950 in

22 3008 31 3027 ·
113 3036 118 3047 ·
169 2992 175 3031 ³
241 2995 471 3066 sanctorum
493 2988 713 3091 Martyrum
732 2986 859 3090 gloria
877 2986 993 3064 fidem
1015 2998 1207 3067 nostram.

937 3209 974 3284 S.
1007 3207 1244 3305 Augustinus

569 3342 689 3420 bibro
711 3343 771 3419 Ml.
794 3337 1424 3418 00111101000100111100101100010.
1446 3335 1539 3434 Cap.
1560 3334 1621 3412 M.

296 3526 472 3628 Populus
499 3525 747 3605 Christianus
774 3525 986 3603 Memoriae
1012 3526 1226 3625 Martyrum
1250 3522 1435 3625 religiosa
1459 3524 1715 3605 solemnitate
1734 3524 1924 3623 celebrat,

246 3655 285 3725 et
330 3642 661 3721 coexcitandam
696 3642 991 3738 imitationem,
1037 3651 1077 3721 ut
1113 3641 1268 3720 meritis
1298 3663 1435 3718 eorum
1473 3643 1758 3740 consocietur,
1804 3652 1926 3744 atque

247 3759 495 3842 orationibus
513 3758 732 3860 adiuvetur.

883 3952 919 4027 S.
948 3947 1155 4047 Gregorius
1174 3948 1280 4047 Papa

358 4081 481 4162 Libro
500 4083 537 4161 ’1.
559 4083 703 4186 Regist.
727 4085 841 4186 epist.
863 4083 923 4161 hil.
945 4083 996 4160 ad
1015 4083 1221 4183 Eulogium
1248 4080 1489 4182 Episcopum
1512 4076 1834 4158 Alexandrinum.

304 4235 383 4315 Nos
401 4240 530 4313 autem
552 4256 651 4335 pene
671 4233 851 4313 omnium
872 4236 1105 4333 Martyrum,
1128 4233 1326 4312 distinctis
1347 4256 1418 4333 per
1436 4233 1521 4312 dies
1542 4233 1720 4335 singulos
1738 4230 1932 4335 passioni-

254 4354 342 4449 bus,
374 4351 539 4431 00110010
567 4352 615 4458 10
635 4373 714 4428 000
742 4349 878 4428 codice
907 4351 1069 4429 nomina
1097 4351 1304 4447 habemus,
1331 4359 1449 4451 atque
1468 4348 1713 4451 tytrotidiania
1731 4348 1873 4427 diebus
1891 4347 1933 4424 in

254 4491 392 4548 eornm
420 4467 671 4547 veneratione
701 4467 909 4543 Missarum
930 4467 1124 4545 solemnia
1144 4468 1311 4568 agimus.
1335 4467 1420 4545 Non
1448 4476 1575 4544 100100
1600 4464 1640 4539 10
1658 4463 1797 4543 eodem
1819 4466 1934 4543 volu·

258 4587 363 4664 mine
381 4586 471 4686 quis
498 4584 668 4685 qualiter
688 4583 738 4660 sit
762 4605 913 4682 passus,
941 4585 1160 4674 indicatum
1185 4584 1252 4661 sed
1272 4581 1548 4662 tantummodo
1569 4603 1727 4678 nomen,
1750 4580 1875 4677 locus,
1896 4589 1934 4658 et

255 4704 340 4781 <lies
355 4701 551 4800 passionis
567 4700 744 4802 ponitur.
767 4697 880 4776 Unde
899 4699 954 4794 lit,
976 4708 1019 4776 nt
1043 4699 1155 4778 multi
1176 4724 1222 4777 ex
1241 4701 1406 4777 diuersis
1431 4698 1561 4792 terris,
1580 4704 1698 4796 atque
1718 4697 1934 4797 provinciis

258 4843 327 4919 per
345 4819 444 4915 dica,
464 4827 508 4897 ut
525 4816 705 4919 praedixi,
725 4815 916 4924 singulos,
940 4825 1231 4918 cognoscantur
1250 4816 1439 4914 martyrio
1460 4815 1652 4893 coronati.

732 5011 899 5090 thamin
920 5011 1089 5089 llomilia
1107 5011 1168 5088 hl.
1190 5011 1229 5086 in
1252 5006 1467 5104 Evangelia.

310 5161 452 5239 Totum
480 5161 704 5255 mundum,
733 5159 903 5254 fratres,
934 5160 1099 5260 aspicite
1127 5190 1133 5236 :
1161 5156 1403 5256 Martyrihns
1430 5157 1571 5258 plenus
1598 5163 1680 5233 est..
1709 5155 1798 5234 lam
1836 5176 1940 5254 pene

259 5286 317 5356 101
344 5276 411 5376 qui
439 5277 653 5375 videamus,
674 5299 753 5355 non
781 5297 932 5372 sumus,
952 5276 1248 5376 qnotyeritatis
1271 5281 1388 5351 testes
1417 5273 1621 5350 habemus.
1650 5273 1733 5350 Deo
1758 5291 1851 5369 ergo
1881 5270 1939 5345 in·

262 5390 527 5471 numerabiles
546 5392 661 5471 nobis
680 5416 798 5493 snper
816 5414 976 5470 arenam
998 5390 1247 5494 multiplicati
1270 5399 1357 5467 sunt
1381 5419 1387 5466 :
1409 5389 1500 5490 quia
1520 5389 1657 5490 quanti
1678 5389 1769 5484 sint,
1786 5409 1807 5463 a
1823 5385 1940 5463 nobis

260 5507 551 5611 comprehendi
565 5531 644 5586 000
661 5519 840 5609 possunt.
