3990 6082
58 368 63 377 ·
185 316 256 421 ⁴8
848 316 1165 419 Mattius

185 516 312 621 die:
341 518 519 655 passio
544 513 797 617 sanctorm
807 549 858 615 m
883 510 1108 618 Eusebii
1141 512 1380 637 Palatini,
1403 535 1457 619 et
1482 518 1716 623 aliorum
1755 558 1849 626 no·

184 694 309 764 vem
328 663 650 801 martyrum.
673 660 931 767 (jaesareae
951 661 1008 759 in
1037 658 1340 761 Palaestina:
1364 662 1538 765 sancti
1558 663 1849 806 Theophili

185 803 462 944 Episcopi,
486 804 584 941 qui
604 803 708 905 sub
728 800 926 907 Seve'ro
954 803 1204 942 principe
1225 804 1491 944 sapientia
1503 826 1555 909 et
1570 810 1698 913 vitae
1724 814 1850 914 inte·

186 950 380 1077 gritate
406 949 737 1088 conspicuus
764 949 979 1050 enituit.
1013 952 1147 1048 item
1176 949 1233 1048 in
1267 947 1547 1052 Palaestina
1577 952 1649 1056 ad
1681 955 1847 1094 ripam

183 1091 477 1195 Jordanis:
514 1092 688 1195 saneti
735 1089 1004 1193 Gerasimi
1053 1089 1440 1214 Anachoretae,
1473 1097 1573 1231 qui
1611 1101 1848 1239 tempore

184 1234 421 1339 Zenonis
441 1235 785 1376 imperatoris
811 1234 1018 1337 ssoruit.

56 1492 138 1559 ,ιιι
180 1444 226 1550 Β
622 1446 798 1553 i'ridie
824 1444 1007 1549 Nonas
1029 1445 1209 1548 Martii
1234 1477 1246 1550 :
1271 1446 1428 1548 Luna

177 1661 1822 1796 alirriri'grlriklrnnpqrstn

178 1814 1838 1896 78910111213141516171819202122232425

179 1956 215 2049 fi
352 1952 387 2049 tt
523 1951 564 2043 (Σ
693 1946 733 2043 Ι)
861 1944 898 2042 tl
1009 1937 1050 2040 F
1171 1943 1205 2039 i'
1288 1944 1332 2035 (ἲ
1427 1937 1470 2039 ΙΙ
1551 1938 1598 2038 M
1690 1936 1732 2036 N
1816 1935 1845 2032 Ι)

178 2094 228 2172 m
344 2095 392 2171 m
517 2093 566 2171 m
693 2093 741 2171 m
857 2092 1037 2191 mi
1166 2094 1329 2170 ιι
1442 2094 1590 2171 ar
1692 2092 1841 2172 so

31 2307 87 2371 tn·-
112 2312 141 2371 r..
190 2291 363 2511 pisis
388 2314 399 2383 :
424 2281 571 2385 beati
597 2279 823 2383 Jordani
845 2278 1164 2384 confessoris
1186 2277 1410 2383 Ordinis
1437 2280 1624 2402 nostri,
1647 2279 1858 2385 doctri-

187 2504 196 2511 .
311 2459 402 2553 na,
427 2425 834 2563 praedieatione,
862 2425 1177 2546 virtritibus
1201 2446 1255 2529 et
1277 2424 1670 2528 miraculorum
1685 2426 1867 2561 gioria

184 2571 426 2706 insignis.
447 2566 652 2662 t'rstnm
684 2558 909 2693 nupt-t
939 2557 1300 2672 nicomedia:
1327 2569 1516 2671 natalis
1534 2568 1858 2673 sanctorum

188 2717 491 2853 martyrum
510 2709 751 2815 Victoris
774 2732 828 2817 et
846 2710 1135 2817 Victorini.
1153 2714 1262 2835 Qui
1285 2747 1382 2851 per
1401 2714 1704 2815 triennium
1726 2747 1875 2817 curn

185 2856 436 2976 Claudio
458 2874 512 2960 et
537 2854 694 2960 Bassa
722 2858 892 2959 uxore
931 2858 1062 2993 ejus,
1096 2858 1381 2960 tormentis
1421 2859 1608 2958 multis
1646 2858 1895 2979 afflicti,

185 3022 239 3107 et
267 3003 458 3106 retrrisi
478 3002 535 3102 in
558 3003 829 3104 carcerem
854 3002 1094 3104 :ibidem
1124 3004 1248 3104 vitae
1268 3035 1381 3102 suae
1409 3034 1630 3102 cursum
1660 3003 1896 3140 imple-

192 3142 906 3282 ve'runt.Constantinopoli
930 3181 940 3249 :
964 3148 1134 3248 sancti
1180 3146 1414 3280 Evagrii.
1457 3144 1567 3265 Qui
1605 3150 1896 3283 te'mporff.

190 3288 499 3394 Valentisa
553 3286 849 3391 Catholicis
899 3291 1102 3392 electus
1148 3289 1489 3427 Episcopus,
1536 3288 1606 3389 ab
1657 3288 1896 3393 eoden-

182 3434 514 3572 imperatore
534 3433 592 3532 in
615 3434 858 3535 exsilium
876 3435 1071 3535 missus
1084 3434 1355 3565 :migravit
1375 3431 1442 3534 ad
1458 3418 1802 3533 Dominum]
1819 3463 1896 3531 ιι

184 3575 391 3716 Cypro:
421 3576 595 3678 sancti
622 3574 864 3678 Cononis
884 3578 1152 3715 martyris.
1177 3577 1285 3698 Qni
1309 3575 1413 3676 sub
1436 3574 1602 3678 Decio
1622 3576 1896 3714 impera-

186 3725 301 3824 tore
322 3719 558 3860 pedibus
584 3721 746 3822 clavis
767 3718 1147 3845 confixis,ante
1169 3753 1395 3823 currum
1408 3718 1591 3854 jussus
1620 3723 1838 3823 crirrere

184 3866 243 3966 in
269 3867 447 3999 genua
487 3865 858 4002 pro'crinrbens
886 3896 895 3965 :
925 3867 979 3965 in
1014 3865 1262 3967 oratione
1303 3861 1544 3965 reddidit
1581 3865 1835 4001 spiritum

181 4007 448 4111 Bononiae
471 4043 481 4112 :
505 4010 678 4111 sancti
706 4006 883 4110 Basilii
906 4006 1183 4147 Episcopi.
1200 4008 1310 4129 Qui
1333 4041 1362 4106 a
1389 4025 1579 4109 sancto
1603 4006 1896 4110 Silvestre:

190 4152 330 4292 Papa
356 4150 643 4255 ordinatus
672 4187 683 4257 :
713 4153 881 4255 verbo
904 4172 957 4255 et
978 4154 1227 4291 exeniplo
1257 4149 1521 4252 creditam
1548 4151 1652 4252 sibi
1674 4148 1887 4253 Eone>

184 4296 320 4398 siam
345 4297 679 4399 sanctissime
700 4298 1043 4431 gubernavit.

27 4522 132 4591 xxm
187 4487 229 4590 C
724 4486 894 4594 Nonis
914 4490 1095 4593 Martii
1126 4523 1137 4593 τ
1163 4488 1319 4591 Luna

177 4688 335 4785 abre
386 4683 420 4783 (Ι
479 4717 506 4779 e
578 4686 603 4781 i'
664 4716 696 4810 g
760 4682 792 4779 ir
861 4680 870 4777 i
948 4680 977 4777 Ιι
1054 4676 1064 4775 Ι
1130 4709 1180 4773 ιιι
1242 4708 1271 4770 ιι
1336 4708 1367 4807 p
1431 4704 1462 4801 q
1528 4704 1551 4767 r
1615 4704 1638 4766 s
1722 4690 1741 4767 t
1800 4704 1829 4769 n

183 4831 1850 4912 wmnnnnmmnnnmmmmmmm

183 4966 219 5061 Α
364 4964 399 5059 n
528 4958 571 5059 (j
705 4959 747 5058 Ι)
860 4956 901 5057 t·
1013 4952 1052 5054 F
1152 4950 1185 5047 ι’
1276 4951 1325 5047 t}
1430 4946 1468 5045 ΙΙ
1549 4944 1597 5044 n
1696 4947 1734 5045 ns
1820 4946 1851 5045 t‘

356 5109 403 5184 m
524 5107 571 5184 m
695 5108 742 5184 m
862 5109 1044 5199 ra
1160 5107 1324 5183 aa
1441 5105 1589 5184 ιι
1704 5106 1850 5183 cr

183 5107 230 5183 27

30 5306 87 5371 nr.
112 5312 143 5371 η,
190 5282 275 5503 ln
314 5262 643 5363 monasterio
675 5259 715 5361 F
719 5262 1012 5364 ossaenovae
1047 5295 1218 5399 prope
1253 5260 1603 5362 Tarracinam
1639 5292 1648 5360 :
1686 5261 1861 5364 sancti

265 5400 497 5505 Thornae
523 5403 818 5537 Aquinatis
844 5403 1195 5519 Consessdris
1222 5424 1276 5507 et
1304 5404 1563 5507 Ecclesiae
1588 5404 1855 5525 Doctoris,
