3990 6082
150 384 198 464 bi
534 386 633 464 Diri.
667 386 716 465 ll.
745 389 974 466 Omastitutio
996 378 1219 466 Abdomini
1241 388 1372 489 Popuc
1402 388 1465 502 Vl.

205 536 402 637 Quodque
436 535 602 614 Ordinis
634 537 957 615 Praedicatorum
993 546 1130 616 eontra
1164 538 1329 616 Ordinis
1362 527 1577 634 Minorum,
1616 560 1692 617 uec
1726 540 1815 639 ejus

155 650 246 732 dem
291 651 455 733 Ordinis
499 653 700 733 Minorum
743 654 924 750 Fratres,
965 654 1224 755 inquisitores
1261 654 1477 734 baereticae
1515 654 1722 755 prauitatis
1755 678 1813 754 pro

156 778 336 870 tempore
372 768 633 858 exsistentes,
668 784 805 848 contra
843 770 1072 871 hujusmodi
1102 769 1267 848 Ordinis
1294 771 1616 849 Praedicatorum
1643 770 1809 853 Fratres:

152 886 365 965 autetiam
393 884 489 963 dicti
519 885 685 963 Ordinis
719 887 1040 966 Praedicatorum
1072 888 1226 965 Fratres
1261 884 1536 988 lnquisitores,
1557 885 1810 966 sine‘liceutia

155 1005 345 1105 Magistri,
374 1016 442 1084 aut
469 1005 775 1084 Prouincialium
806 1007 1004 1096 Priorum,
1033 1016 1170 1086 contra
1202 1007 1379 1108 ipsorum
1408 1005 1625 1085 confratres
1651 1006 1808 1104 ejusdem

155 1122 355 1201 Ordinis:
383 1122 583 1222 inquirere
615 1145 864 1224 nequaquam
898 1123 1051 1224 possint
1080 1132 1147 1202 aut
1172 1123 1353 1201 debeant.
1383 1123 1462 1202 Sed
1488 1122 1646 1224 siquid
1672 1120 1809 1200 Praedi-

154 1249 306 1318 catores
341 1246 478 1318 contra
511 1239 743 1335 Minorum,
778 1248 816 1317 et
853 1239 1024 1317 Minores
1061 1241 1214 1317 Fratres
1247 1240 1507 1340 inquisitores
1539 1246 1680 1315 contra
1716 1239 1808 1316 Prae·

154 1354 375 1432 dicatorum
400 1353 565 1432 Ordinis
588 1357 743 1433 Fratres
766 1355 988 1456 praedictos
1007 1356 1056 1434 de
1075 1357 1266 1455 pravitate
1286 1356 1511 1455 hujusmodi
1531 1354 1805 1456 persenserint:

160 1470 272 1548 idad
301 1470 445 1550 Sedem
471 1470 766 1572 Apostolicam‚
800 1473 859 1550 rel
886 1471 1152 1572 praelatorum
1191 1475 1371 1552 Fratrum
1409 1471 1646 1573 Superiores
1679 1469 1809 1548 deterre

150 1595 374 1666 teneantur.

200 1705 312 1801 ltem,
341 1703 450 1805 quod
474 1704 701 1806 praedictus
728 1707 926 1807 Magister,
954 1716 994 1785 et
1020 1704 1089 1783 alii
1110 1705 1384 1783 Praesidentes
1402 1705 1441 1781 in
1461 1703 1569 1781 dieto
1595 1702 1756 1798 Ordine,
1773 1700 1809 1778 ad

150 1843 251 1920 quos
270 1821 506 1921 pertinuerit
525 1844 598 1921 pro
617 1831 810 1923 tempore,
837 1824 877 1899 in
902 1822 1219 1901 correctionibus
1247 1822 1428 1900 Fratrum
1448 1819 1627 1922 ejusdem
1646 1818 1806 1911 Ordinis,

147 1942 247 2039 juris
277 1940 417 2019 ordine
451 1943 688 2042 postposito,
724 1944 941 2022 secuudum
971 1942 1279 2022 consuetudines
1305 1941 1557 2044 approbatas,
1591 1949 1631 2018 et
1658 1939 1812 2019 instituta

159 2058 318 2136 Ordinis
344 2060 547 2153 antedicti,
579 2063 791 2162 procedere
818 2062 954 2158 libere,
976 2072 1014 2140 et
1041 2061 1148 2140 licite
1175 2060 1328 2161 possint
1350 2067 1389 2139 et
1415 2058 1567 2137 valeant
1591 2086 1599 2133 :
1621 2057 1676 2134 eis
1701 2068 1811 2135 aucto

160 2174 272 2253 ritate
303 2175 526 2276 Apostolica
560 2186 696 2256 tenore
729 2178 996 2279 praesentium
1022 2202 1068 2257 eu
1102 2186 1210 2256 certa
1241 2176 1404 2254 scientia
1437 2162 1702 2276 indulgemus.
1735 2174 1812 2251 ltem

154 2289 287 2368 nullus
299 2291 509 2370 saecularis
527 2293 585 2372 vel
605 2294 811 2394 Regularis
829 2294 992 2397 aliquod
1003 2294 1286 2373 Monasterium
1303 2291 1493 2371 Sororum
1511 2290 1812 2369 Praedicatorum

159 2405 303 2485 Ordini
330 2408 610 2506 subjectarum,
639 2411 715 2487 nisi
743 2412 781 2487 in
810 2420 1001 2512 quantum
1033 2432 1169 2489 earum
1201 2408 1513 2488 constitutiones
1540 2416 1580 2484 et
1615 2406 1759 2485 Statuta
1783 2401 1814 2478 id

159 2522 372 2623 patiantur,
397 2525 457 2602 vel
484 2526 534 2603 de
561 2526 675 2605 Sedis
695 2527 957 2628 apostoticae,
977 2536 1044 2605 aut
1062 2525 1237 2627 Magistri
1259 2524 1353 2602 dicti
1372 2522 1537 2602 Ordinis
1565 2521 1724 2600 licentia
1747 2542 1815 2619 spe·

160 2638 261 2734 ciali,
281 2640 429 2719 intrare
449 2669 457 2717 :
480 2651 546 2720 aut
564 2642 720 2745 aliquae
740 2645 905 2722 Sorores
923 2642 1151 2743 hujusmodi
1171 2641 1263 2720 inde
1282 2641 1388 2719 exire
1405 2661 1566 2741 quoquo
1586 2637 1708 2716 modo
1725 2657 1813 2738 prae·

161 2764 332 2833 sumant.
369 2757 619 2836 Contrarium
651 2782 743 2838 vero
776 2759 961 2838 iacientes
994 2756 1415 2838 excommunicationis
1445 2755 1679 2850 sententiae,
1699 2777 1720 2830 a
1740 2774 1813 2854 qua,

162 2880 434 2973 praeterquam
461 2897 532 2973 per
560 2875 702 2953 Sedem
732 2876 1008 2976 dpostolicam,
1038 2876 1098 2954 vel
1128 2898 1197 2977 per
1220 2873 1451 2974 Magistrum
1479 2878 1732 2966 memoratos,
1763 2877 1813 2945 aut

162 2987 335 3089 aliquem
362 3012 408 3066 ex
436 2989 530 3068 dieti
554 2991 717 3068 Ordinis
741 2992 956 3088 Fratribus
976 2991 1039 3069 cui
1058 2991 1242 3091 Magister
1270 2987 1497 3090 praedictus
1514 2986 1557 3064 id
1575 2984 1812 3079 commiserit,

161 3103 312 3184 absolvi
332 3127 411 3183 non
432 3106 586 3205 possint
607 3138 614 3183 :
639 3106 820 3185 volumus
840 3106 1055 3207 subjacere.

194 3220 309 3299 ltem
347 3222 583 3312 statuimus,
619 3223 830 3322 uolumus,
864 3234 980 3325 atque
1011 3223 1268 3313 ordinamus;
1301 3221 1408 3322 quod
1443 3221 1585 3299 omnes
1620 3229 1658 3298 et
1692 3211 1813 3317 singuli

167 3336 354 3439 Religiosi
372 3358 715 3440 quorumcumque
734 3342 850 3419 etiam
870 3340 1178 3419 Mendicantium
1198 3338 1409 3434 Ordinum,
1427 3336 1556 3415 dictae
1575 3335 1690 3415 Sedis
1704 3328 1814 3434 tapet-

165 3453 241 3531 lani
281 3454 348 3553 qui
385 3447 506 3544 sun't,
546 3464 586 3533 et
619 3469 767 3550 erunt,
806 3458 972 3558 perinde
1004 3479 1139 3536 eorum
1177 3453 1487 3555 SuperioribuS,
1521 3459 1559 3530 et
1603 3442 1813 3532 correctioni

160 3571 338 3670 ipsorum
375 3570 414 3646 iu
435 3571 633 3649 omnibus
663 3579 701 3648 et
727 3596 800 3674 per
825 3575 958 3666 onmia
985 3575 1065 3651 sint
1094 3572 1259 3673 subjecti
1291 3600 1299 3647 ι
1330 3570 1436 3647 acsi
1464 3569 1690 3670 praedictae
1722 3560 1812 3645 Sedis

165 3684 363 3784 Capellani
391 3708 470 3764 non
493 3698 634 3766 essent.
669 3690 755 3767 Non
782 3689 1032 3768 obstantibus
1060 3686 1390 3788 exemptionibus,
1412 3694 1450 3763 et
1474 3685 1564 3763 aliis
1582 3683 1810 3786 quibuscun-

166 3824 243 3901 que
270 3800 499 3901 privilegiis,
530 3804 802 3908 indulgentiis,
829 3805 981 3906 gratiis
1003 3817 1041 3884 et
1059 3804 1201 3882 litteris
1219 3800 1454 3903 Apostolicis
1474 3800 1696 3902 Capelianis
1711 3797 1810 3874 dictae

167 3916 292 4013 Sedis,
323 3917 382 3994 uel
408 3916 497 3995 aliis
523 3922 781 4020 oonJunctim,
803 3922 861 4000 ucl
889 3921 1062 4016 divisim,
1085 3920 1159 3998 sub
1179 3919 1317 4020 quavis
1346 3918 1484 4011 lorma,
1506 3916 1566 3995 vel
1588 3912 1810 4017 expressione

167 4034 376 4111 verborum
399 4056 421 4110 a
448 4034 553 4112 dieta
581 4036 679 4115 Sede
698 4040 910 4125 concessis,
933 4037 989 4116 uel
1011 4039 1049 4114 in
1071 4045 1271 4139 posterum
1292 4032 1582 4123 concedendis;
1604 4033 1720 4111 etiam
1737 4021 1811 4105 side

168 4155 247 4232 illis
264 4154 314 4232 de
332 4154 452 4233 verbo
475 4155 722 4254 adverbum,
744 4160 848 4237 etde
868 4159 1044 4259 ipsorum
1069 4155 1372 4258 Capellanorum
1394 4153 1627 4232 nominibus
1645 4160 1811 4250 etcogno·

168 4277 344 4355 minibus
370 4276 545 4378 propriis
571 4279 689 4379 plena
708 4291 746 4356 et
764 4303 944 4380 expressa
965 4279 1114 4356 mentio
1133 4275 1406 4378 praesentibus
1424 4274 1475 4352 sit
1495 4266 1676 4353 babendo
1695 4304 1703 4351 :
1723 4288 1809 4373 quae,

168 4394 300 4494 quoad
315 4393 413 4491 boc,
436 4394 534 4494 ipsis
553 4395 592 4471 in
614 4394 724 4472 nullo
743 4395 925 4474 volumus
944 4393 1161 4492 suliragari.

106 4717 108 4720 ι
215 4662 447 4740 Constitutic
471 4662 632 4739 Daumius?
647 4660 871 4740 altcaruudri
889 4638 1023 4777 Pupue
1044 4658 1103 4739 Vl.
1126 4659 1173 4736 de
1191 4659 1370 4736 electione
1388 4654 1571 4754 Magistri
1591 4651 1777 4732 Ordinis:
1825 4736 1826 4740 q

695 4779 890 4857 ‹ree-smum
905 4781 1051 4857 troitum
1071 4776 1309 4876 Capitulum.

245 5069 465 5125 nuuurrluus
498 5049 606 5147 quod
642 5047 838 5128 Dominus
877 5044 1097 5121 Alexander
1131 5044 1234 5142 Papa
1264 5040 1341 5135 vt,
1374 5040 1413 5115 in
1447 5037 1627 5137 Capitulo
1655 5029 1822 5116 Generali

271 5168 417 5244 Romae
461 5163 656 5242 celebrato
699 5185 804 5242 anno
849 5161 1008 5238 Domini
1050 5156 1264 5236 millesimo
1308 5154 1627 5256 quingentesimo
1673 5153 1820 5253 primo,

165 5281 362 5361 Statutum
401 5290 439 5358 et
469 5280 802 5359 constitutionem
839 5279 927 5354 tecit
958 5275 1199 5374 inlrascripti
1238 5274 1387 5351 tenoris
1417 5300 1424 5347 :
1456 5293 1558 5370 quae
1595 5279 1691 5347 tunc
1726 5287 1825 5344 acoe-

166 5408 271 5498 ptata
305 5409 344 5496 et
373 5396 520 5494 seruata
555 5397 638 5474 luit.
679 5397 878 5490 Volumus,
918 5402 956 5469 et
985 5390 1217 5469 auctoritate
1251 5387 1475 5490 apostolica
1508 5409 1579 5487 per
1608 5393 1827 5488 praesentes

167 5515 367 5616 perpetuis
399 5514 540 5592 suturis
574 5512 820 5615 temporibus
857 5510 1079 5602 statuimus,
1115 5518 1153 5585 et
1183 5507 1442 5598 ordinamuS,
1478 5504 1589 5603 quod
1620 5502 1829 5586 modernus
