3990 6082
159 363 209 446 4]
703 368 803 451 bot.
833 375 886 455 ΙΙ.
915 374 974 455 De
997 373 1289 457 itinerantibus.

158 515 200 591 in
238 520 378 609 morte,
417 536 536 616 quam
571 518 611 594 iu
644 521 735 618 vita,
774 525 1004 623 privamus:
1038 545 1247 625 quousque
1273 547 1391 628 super
1419 521 1651 624 hujusmodi
1680 544 1834 601 excessu

156 629 257 709 adeo
286 631 406 730 digne
436 632 712 733 satisfecerint,
739 642 848 739 quod
877 663 951 740 per
976 640 1208 740 Magistrum
1232 640 1412 738 Ordinis,
1439 639 1502 719 νε]
1545 636 1832 718 Prouneiatem

159 769 275 826 suum
302 748 352 825 ed
380 748 609 848 hujusmodi
641 752 828 858 suffragia
862 757 1016 836 restitui
1046 764 1285 836 mersantur.

216 864 372 943 Fratres
412 887 504 945 vero
541 870 680 960 nostri,
728 894 818 950 cum
860 874 1009 953 suerint
1044 873 1095 950 ad
1130 872 1305 974 aliquam
1344 872 1575 968 Ecclesiam,
1613 872 1676 951 νε]
1715 872 1833 971 digni·

154 989 275 1060 tatem
301 994 409 1059 extra
437 979 632 1062 Ordinem
661 987 798 1066 adsui
832 990 1061 1069 instantiam
1091 1014 1113 1067 a
1152 988 1254 1068 Sede
1288 989 1517 1089 Apostolica
1546 988 1830 1088 pronuntiati;

61 1101 64 1108 '
154 1096 243 1196 ipso
270 1095 373 1175 facto
400 1097 481 1176 sint
507 1101 558 1177 ab
585 1103 694 1178 omni
727 1104 1013 1200 Praesideutia,
1042 1115 1081 1183 et
1108 1102 1240 1184 officio
1277 1107 1382 1184 intra
1420 1114 1602 1183 nostrum
1639 1102 1829 1182 Ordinem

160 1211 236 1289 sibi
265 1213 480 1292 commisso
505 1214 674 1296 absoluti
709 1248 716 1295 :
746 1243 767 1297 a
797 1221 944 1321 quibus
970 1220 1132 1300 eosdem
1158 1231 1295 1300 tenore
1331 1219 1599 1319 praesentium
1636 1218 1832 1298 absolutos

159 1351 244 1407 esse
276 1329 541 1408 decernimus.
570 1330 648 1409 Alii
674 1357 780 1431 vero,
813 1337 881 1437 qui
911 1337 997 1415 sine
1025 1336 1085 1415 sui
1113 1337 1303 1415 instantia
1331 1344 1423 1414 sunt
1448 1334 1639 1414 similiter
1665 1356 1831 1435 pronun·

159 1444 246 1522 tiati
273 1472 283 1535 ;
322 1444 398 1521 nisi
427 1445 529 1523 infra
566 1458 736 1548 quatuor
759 1451 846 1530 dies
873 1475 894 1529 a
924 1453 1064 1531 notitia
1093 1452 1222 1530 dictae
1248 1450 1584 1553 pronuntiationis
1624 1450 1703 1529 sibi
1726 1450 1828 1538 iacta,

163 1559 240 1659 ipsi
276 1560 518 1659 promotioni
551 1573 590 1642 et
625 1568 942 1664 pronuntiationi
974 1568 1132 1670 publice
1164 1567 1492 1663 renuntiaverint,
1529 1576 1570 1646 et
1602 1589 1678 1668 per
1711 1565 1830 1668 publi·

162 1697 253 1752 oum
295 1675 602 1756 instrumentum
648 1709 655 1756 :
691 1682 813 1759 simili
863 1685 998 1782 modo,
1036 1694 1081 1763 ut
1121 1683 1381 1785 praefertur,
1419 1682 1594 1762 absoluti
1630 1682 1826 1761 exsistant.

164 1792 456 1891 praecipientes
491 1797 678 1876 omnibus
717 1809 755 1878 et
790 1801 957 1903 singulis
992 1800 1209 1895 Fratribus,
1251 1801 1529 1901 praesentibus
1572 1811 1613 1880 et
1645 1800 1826 1880 futuris:

163 1917 361 2008 quatenus
389 1909 487 1986 nulli
533 1915 829 2012 praedictorum
862 1917 1029 1997 obedire
1067 1927 1320 2019 praesumant
1359 1916 1421 1994 vel
1462 1915 1637 1996 audeant
1679 1936 1826 2019 quoquo

166 2024 300 2102 modo.

217 2141 374 2218 Fratres
410 2154 568 2223 nostros
605 2147 899 2247 Beneficiatos,
946 2151 1007 2230 νε]
1054 2149 1172 2229 etiam
1212 2146 1442 2225 habilitatos
1490 2146 1748 2227 solummodo
1787 2144 1825 2224 ad

170 2255 401 2335 Beneficia:
434 2260 630 2339 inhabiles
665 2265 869 2344 reddimus
903 2268 953 2345 ad
992 2266 1295 2350 praelationem,
1343 2285 1413 2340 seu
1443 2263 1765 2362 superioritatem
1793 2263 1822 2337 in

171 2368 325 2449 Ordine
364 2383 513 2454 nostro.
548 2377 626 2454 Nec
673 2381 816 2480 aliquis
852 2404 990 2460 eorum
1036 2381 1229 2482 passivam
1263 2375 1321 2458 vel
1360 2377 1525 2456 activam
1559 2400 1700 2457 vocem
1744 2398 1822 2479 quo·

167 2487 386 2569 modolibet
418 2490 459 2567 in
495 2493 648 2572 Ordine
678 2496 824 2575 habere
857 2500 1015 2599 possit;
1047 2497 1122 2575 nisi
1160 2506 1250 2573 ante
1283 2493 1480 2572 Beneficio
1505 2501 1546 2572 et
1575 2491 1823 2573 habilitationi

166 2608 485 2688 renuntiaverit:
515 2611 567 2689 ita
610 2613 714 2713 quod
749 2615 987 2694 renuntiatio
1042 2614 1094 2691 sit
1127 2612 1300 2713 legitime
1331 2620 1541 2712 acceptata,
1574 2611 1822 2691 instrumento

165 2730 347 2802 testante.
384 2725 639 2807 Renuntiatio
674 2738 805 2807 autem
834 2752 926 2808 cum
972 2752 1168 2832 regressu,
1198 2737 1264 2807 aut
1290 2749 1541 2828 quacumque
1577 2726 1825 2806 reservatione

163 2838 363 2918 fructuum
394 2870 405 2933 ;
442 2843 517 2921 nisi
553 2844 780 2945 hujusmodi
815 2846 965 2924 fructus
998 2868 1105 2923 mere
1142 2854 1181 2923 et
1224 2843 1467 2943 integraliter
1510 2843 1746 2943 proveniant
1787 2838 1824 2918 ad

167 2965 400 3035 nostrorum
439 2959 649 3039 utilitatem
689 2962 977 3060 Conventuum,
1011 2968 1049 3040 et
1082 2983 1162 3040 non
1203 2965 1356 3038 tantum
1395 2959 1562 3057 alicujus
1597 2955 1826 3060 particularis

167 3096 360 3174 personae
384 3103 391 3150 :
423 3097 502 3154 non
534 3087 772 3179 acceptetur,
795 3102 867 3156 nec
880 3078 1049 3178 alicujus
1066 3077 1257 3156 momenti
1275 3075 1478 3154 habeatur.

218 3191 493 3291 Praecipimus
529 3203 659 3272 autem
698 3195 738 3271 in
774 3197 916 3273 virtute
946 3192 1117 3295 Spiritus
1164 3192 1302 3287 sancti,
1332 3200 1371 3270 et
1398 3198 1557 3269 sanctae
1593 3188 1828 3270 obedientiae

168 3306 375 3386 Prioribus
408 3308 723 3388 Prouincialibus
758 3318 797 3389 et
838 3309 1194 3403 Conventualibus,
1231 3331 1279 3386 ac
1305 3329 1444 3386 eorum
1491 3306 1662 3384 Vicariis
1692 3334 1704 3399 ;
1739 3300 1828 3407 quod

166 3421 267 3498 nulli
303 3423 429 3501 Fratri
458 3424 584 3503 electo
612 3449 680 3503 seu
703 3425 902 3526 postulato
930 3433 1038 3504 extra
1065 3425 1260 3503 Ordinem
1302 3422 1351 3501 ad
1378 3443 1679 3523 quamcumque
1721 3419 1828 3520 digni·

168 3545 314 3633 tatem,
346 3548 631 3638 personatum,
661 3541 721 3619 νε]
748 3542 930 3640 gradum,
965 3541 1066 3618 infra
1097 3541 1328 3642 dignitatem
1356 3538 1639 3640 Episcopalem
1679 3567 1688 3615 :
1726 3535 1828 3615 liceu-

170 3653 265 3730 tiam
307 3654 526 3733 concedant
562 3657 790 3756 hujusmodi
819 3657 1029 3736 electiones
1072 3680 1141 3734 seu
1169 3655 1457 3756 postulationes
1493 3654 1754 3756 acceptandi,
1781 3647 1827 3728 νε]

169 3767 249 3845 alio
283 3770 587 3868 quomodolibet
628 3773 896 3874 prosequendi
913 3804 924 3867 ;
955 3773 1095 3853 eodem
1124 3779 1335 3874 praecepto
1360 3769 1646 3872 prohibentes:
1681 3792 1731 3848 ne
1756 3767 1827 3845 Fra·

170 3891 250 3960 tres
278 3884 401 3985 aliqui
429 3897 592 3987 propter
620 3890 820 3968 licentiam
849 3891 926 3969 sibi
955 3890 1101 3986 datam,
1131 3898 1270 3967 contra
1297 3886 1615 3990 prohibitionem
1644 3886 1827 3985 hujusmo-

170 3999 226 4095 di,
256 4001 492 4100 praemissas
522 4004 733 4083 electiones
758 4030 827 4084 seu
853 4006 1139 4108 postulationes
1164 4005 1427 4106 aliquatenus,
1448 4002 1508 4081 νε]
1528 4024 1601 4104 per
1619 4024 1676 4099 se,
1703 4000 1759 4081 νε]
1777 4015 1830 4099 ptr

170 4112 293 4192 alium
321 4129 625 4219 prosequantur.
656 4122 697 4200 si
729 4123 820 4223 quis
845 4133 976 4201 autem
1004 4123 1043 4199 in
1068 4122 1298 4222 praemissis
1325 4143 1436 4198 secus
1463 4119 1599 4197 lecerit
1630 4147 1638 4195 :
1673 4119 1829 4196 incurrat

173 4235 600 4313 excommunicationis
627 4239 858 4317 sententiam
890 4239 978 4339 ipso
1005 4237 1120 4332 lactc,
1142 4258 1260 4337 quam
1282 4235 1519 4315 sententiam
1548 4233 1715 4311 ierimus
1741 4247 1830 4331 prae

171 4349 270 4426 senti
301 4359 446 4428 statuto
484 4379 496 4448 ;
538 4362 574 4430 et
601 4354 865 4432 nihilominus
892 4353 1080 4432 omnibus
1107 4352 1244 4452 gratiis
1270 4351 1437 4431 Ordinis
1466 4351 1516 4429 sit
1556 4350 1736 4449 privatus
1761 4338 1832 4422 :ad

173 4486 271 4563 quas
318 4467 473 4545 restitui
516 4491 596 4546 non
631 4470 770 4565 valeat,
808 4470 882 4548 nisi
917 4493 987 4570 per
1021 4469 1251 4570 Magistrum
1288 4467 1468 4563 Ordinis,
1515 4464 1577 4544 νε]
1621 4461 1832 4566 Capitulum

174 4581 377 4661 Generale.

223 4698 264 4776 Si
285 4700 374 4799 quis
401 4703 535 4778 Frater
557 4704 679 4780 nostri
707 4702 870 4780 Ordinis
898 4724 969 4803 per
990 4726 1045 4798 se,
1070 4702 1130 4781 νε]
1150 4724 1220 4803 per
1242 4701 1380 4795 alium,
1410 4720 1483 4800 pro
1509 4719 1564 4793 se,
1590 4695 1651 4777 rel
1679 4719 1751 4798 pro
1772 4693 1837 4773 alio

178 4814 472 4893 ordinationem
512 4819 561 4895 de
590 4841 630 4896 se
659 4879 668 4913 ,
699 4819 756 4896 vel
789 4819 838 4896 de
863 4818 942 4896 alio
968 4819 1143 4916 tactam,
1174 4817 1235 4895 νε]
1262 4813 1533 4896 obedientiam
1561 4813 1670 4909 sibi,
1699 4811 1757 4891 vel
1781 4807 1835 4886 alii

177 4931 304 5008 Fratri
344 4933 577 5033 injunctam,
599 4958 670 5033 per
713 4957 1005 5035 quamcumque
1040 4955 1252 5035 personam
1293 4941 1398 5010 extra
1425 4928 1697 5009 obedientiam
1731 4923 1838 5006 nostri

178 5045 342 5126 Ordinis
369 5051 638 5145 constitutam,
671 5073 925 5152 quocumque
953 5051 1073 5130 modo
1104 5048 1371 5151 procuraverit
1399 5044 1601 5125 revocari:
1631 5045 1692 5123 νε]
1719 5045 1758 5121 in
1783 5039 1838 5118 ali·

180 5187 257 5264 qua
286 5165 504 5261 Provincia,
535 5166 593 5244 vel
620 5167 837 5261 Conventa,
867 5176 933 5245 aut
957 5165 1101 5263 officio,
1132 5168 1212 5246 sive
1239 5166 1354 5243 etiam
1388 5161 1527 5240 Studio
1545 5158 1720 5263 generali
1744 5155 1838 5260 poni,

186 5279 244 5357 νε]
271 5303 487 5378 remanere,
517 5282 575 5360 vel
604 5282 696 5359 inde
723 5284 898 5360 amoveri
928 5311 938 5374 ;
972 5285 1059 5383 ipso
1086 5283 1201 5375 facto,
1243 5305 1290 5357 ex
1316 5281 1353 5356 vi
1384 5277 1606 5380 praesentis
1633 5274 1782 5368 statuti,
1808 5271 1839 5346 io

186 5417 354 5494 poenam
384 5398 534 5476 incidat
559 5398 751 5497 gravioris
778 5398 947 5498 cnlpae:
977 5403 1017 5475 in
1046 5423 1136 5501 qua,
1170 5396 1228 5476 νε]
1258 5422 1279 5473 a
1307 5417 1385 5496 qua
1412 5415 1503 5471 oum
1530 5391 1603 5469 tali
1633 5385 1840 5491 dispensari

187 5532 264 5587 non
295 5515 432 5612 possit,
461 5515 538 5591 nisi
569 5535 639 5618 per
667 5514 896 5615 Magistrum
925 5515 1105 5614 Ordinis,
1134 5517 1193 5593 νε]
1217 5511 1443 5619 Capitulum
1471 5506 1677 5587 Generale.
