3990 6082
181 365 229 449 31
658 372 757 453 Dist.
780 371 832 453 11.
854 372 909 451 De
927 375 1105 474 Capitulo
1123 370 1363 453 Prouinciali

180 521 299 598 Pater
335 530 462 600 uester
498 548 510 598 .·
544 522 764 601 subsecutis
799 522 916 600 etiarn
955 523 1082 599 tribus
1116 521 1345 618 Versiculis,
1386 521 1551 599 Oramus
1583 545 1655 622 pro
1686 523 1838 601 Donum

179 641 299 741 Papa,
327 641 462 720 Satoos
487 643 550 740 {aa
575 665 702 721 servos
728 652 823 735 tuos,
845 651 881 718 at
902 641 1070 721 ancittae
1089 651 1187 734 tuas,
1208 642 1458 742 Requiascaut
1475 644 1519 720 iu
1530 662 1640 743 para,
1661 644 1838 729 ornatu

178 757 383 851 comacum,
413 759 461 835 ab
493 758 814 837 Hebdomadario
848 757 1029 835 dicendis
1055 786 1065 848 ;
1094 780 1187 836 cum
1222 758 1284 835 bis
1316 758 1443 836 tribus
1475 756 1680 849 Collectis,
1715 756 1837 843 0111111

174 881 306 971 potans
330 875 558 973 sampimua
585 874 696 965 Data,
719 875 785 972 qui
802 873 912 971 {aeia
935 881 1021 964 ate,
1043 872 1269 963 Praeteuda
1289 882 1374 967 ru,
1395 871 1592 950 Fidelium
1610 873 1729 965 1111111,
1751 880 1836 961 etc:

177 988 375 1067 resideant
394 989 562 1067 Fratres.

226 1103 335 1181 Tunc
366 1103 564 1182 Praelatus
592 1103 738 1204 poterit
760 1100 889 1180 dicere
917 1100 1114 1181 breviter:
1146 1102 1178 1178 si
1202 1101 1298 1201 quid
1318 1101 1367 1185 ad
1391 1102 1638 1181 honestatem
1668 1101 1835 1196 Ordinis,

175 1233 213 1300 et
235 1222 521 1300 correctionem
551 1223 729 1300 Fratrum
759 1220 899 1298 viderit
933 1221 1131 1320 expedire.
1163 1221 1256 1300 Post
1282 1222 1377 1311 baec
1404 1231 1565 1299 autem:
1594 1221 1837 1323 egrediantur

179 1337 334 1416 Novitii.
368 1336 516 1426 Quibus
539 1338 733 1437 egressis:
762 1336 881 1430 dicat,
909 1336 977 1435 qui
1009 1345 1173 1435 praeest.
1205 1335 1371 1415 Faciant
1403 1335 1536 1419 oenias
1557 1360 1569 1413 .·
1593 1337 1663 1434 qui
1694 1357 1736 1425 aa
1763 1356 1836 1421 reor

174 1453 413 1529 euistirnaut.
448 1452 647 1530 Continuo
682 1453 819 1552 quise
849 1473 935 1528 reos
965 1451 1266 1529 intellexerint:
1298 1451 1485 1548 prostrati
1512 1451 1667 1533 veniam
1697 1458 1832 1550 petant.

173 1567 325 1645 Deinde
353 1577 556 1667 surgentes
589 1597 595 1642 :
627 1567 831 1644 humiliter
860 1567 1120 1644 confiteantur
1149 1564 1285 1665 culpas
1320 1586 1425 1642 suas.
1451 1567 1497 1643 Et
1526 1586 1699 1666 quorum
1730 1566 1835 1665 culpa

172 1683 261 1759 talis
280 1690 351 1777 est,
373 1703 473 1780 quae
497 1681 616 1783 digna
635 1684 685 1758 sit
703 1672 965 1776 correctione,
989 1690 1223 1781 praeparent
1247 1702 1288 1758 se
1306 1681 1357 1758 ad
1384 1680 1671 1766 correctionem
1693 1709 1702 1756 ε
1727 1700 1833 1781 quarn

172 1798 283 1875 Prior
306 1795 436 1891 faciat,
459 1798 515 1875 rel
536 1797 615 1892 ille,
633 1797 696 1873 cui
714 1797 941 1894 injunxerit.

221 1913 265 1988 ln
285 1912 467 2011 Capitulo
489 1933 580 1990 vero
604 1913 772 2008 Fratres,
796 1912 871 1988 nisi
898 1911 1053 1990 duabus
1081 1912 1131 1990 de
1157 1914 1297 2008 causis,
1322 1934 1399 1991 non
1428 1913 1670 2013 loquantur;
1696 1910 1832 1995 scilicet

169 2026 304 2126 culpas
331 2049 434 2120 suas,
457 2028 516 2104 vel
546 2027 713 2106 aliorum
742 2026 912 2104 dicendo
940 2026 1173 2127 simpliciter
1196 2055 1203 2103 :
1226 2038 1265 2106 et
1292 2026 1476 2107 Praelatis
1502 2026 1586 2106 suis
1612 2036 1765 2107 tantum
1789 2023 1832 2103 ad

170 2142 408 2242 interrogata
438 2142 728 2241 respondendo.
753 2142 840 2220 Uno
865 2143 982 2219 etiam
1005 2143 1139 2220 Fratre
1167 2143 1381 2243 loquente:
1405 2141 1505 2221 alius
1533 2162 1616 2219 non
1641 2140 1828 2241 loquattu.

170 2255 309 2334 Nullus
346 2257 459 2335 faciat
494 2257 845 2357 proclamationem
881 2279 1000 2357 super·
1035 2257 1208 2358 aliquem
1243 2287 1250 2334 :
1281 2281 1327 2335 ex
1355 2257 1439 2335 sola
1467 2255 1712 2357 suspicione.
1741 2255 1824 2335 item

169 2372 300 2449 nullus
334 2379 487 2449 accuset
516 2373 564 2449 de
593 2373 729 2448 auditu
761 2400 768 2446 ε
796 2372 871 2448 nisi
909 2373 1013 2451 dicat
1040 2395 1164 2473 aquo
1199 2371 1384 2467 audierit,
1413 2381 1451 2448 et
1481 2370 1550 2447 ille
1576 2369 1631 2448 sit
1655 2389 1825 2470 praescus

167 2487 206 2562 in
236 2485 369 2564 dorno.
400 2487 556 2564 Auditis
584 2511 675 2564 vero
702 2488 844 2586 culpis,
872 2489 1027 2565 dicatur
1059 2488 1236 2564 Psalmus
1263 2485 1436 2564 Laudato
1465 2485 1683 2562 Domintun
1711 2503 1822 2565 omna

164 2611 291 2700 panus
311 2628 323 2677 .·
343 2624 432 2679 curn
451 2603 488 2700 ii.
514 2602 678 2680 Ostende
697 2602 805 2680 nobis
822 2602 996 2696 Domine,
1016 2613 1101 2696 etc,
1122 2611 1159 2679 et
1177 2600 1366 2683 Punicus
1383 2600 1592 2691 uobiscum,
1613 2611 1654 2679 et
1669 2598 1819 2678 Collocta

164 2717 357 2825 Actiones,
377 2725 447 2796 ata.
470 2720 513 2794 ln
538 2720 614 2794 line
638 2718 742 2795 dicat
766 2718 892 2814 Prior,
913 2717 1163 2814 adiutorium
1190 2727 1361 2797 nostram
1389 2715 1433 2792 iu
1459 2715 1618 2795 nomine
1646 2713 1817 2793 Domini:

165 2832 278 2909 etsie
298 2831 460 2911 solvitur
480 2833 716 2933 Capitulum.

311 3064 376 3140 Da
410 3062 644 3162 Capitale
681 3064 1041 3141 Praoa'uoa'ata':
1074 3064 1340 3162 septimam
1378 3061 1686 3161 Capitulum.

227 3316 400 3370 arrruuuu
437 3293 683 3372 Provinciale
717 3306 807 3396 post
845 3295 1068 3395 Capitulum
1103 3293 1307 3388 Generalo,
1347 3289 1507 3391 quando
1543 3299 1582 3365 et
1618 3288 1686 3367 ubi
1721 3287 1812 3367 Prior

152 3426 155 3433 ’
211 3397 214 3401 ’
246 3409 502 3486 Provincialis
530 3432 619 3487 curn
648 3410 817 3488 consilio
846 3409 1108 3489 llelinitorum
1132 3409 1319 3508 elegerit:
1342 3405 1577 3483 celebretur.
1608 3401 1812 3505 Capitulum

161 3530 290 3598 autem
320 3524 562 3601 Provinciale
589 3525 864 3624 appellamus;
891 3525 1047 3604 Priores
1074 3524 1370 3615 Conventuales,
1399 3542 1488 3598 curn
1518 3518 1688 3619 singulis
1718 3515 1813 3595 sociis

160 3657 182 3711 a
200 3635 383 3734 pluribus
401 3638 451 3715 de
470 3638 650 3739 Capitulo
671 3663 755 3737 suo,
778 3641 877 3718 ultra
905 3641 1154 3718 medietatem
1183 3637 1410 3738 eligentium
1439 3633 1575 3713 electis
1594 3655 1668 3734 per
1686 3629 1813 3732 disqui-

160 3750 344 3830 sitionem
385 3752 643 3855 Supprioris,
680 3756 739 3832 vel
764 3756 867 3833 vices
907 3757 990 3854 ejus
1026 3756 1219 3856 gerentis,
1255 3763 1294 3831 et
1323 3751 1493 3830 duorum
1531 3748 1728 3843 Fratrum,
1761 3742 1814 3845 qui

160 3866 344 3963 primitus
372 3867 550 3945 habitunr
577 3871 698 3946 nostri
727 3869 891 3946 Ordinis
919 3879 1175 3969 susceperunt
1196 3896 1203 3943 :
1226 3873 1263 3944 et
1290 3865 1590 3951 Praedicatores
1616 3859 1812 3964 generales.

160 3977 199 4055 Si
219 3981 288 4080 qui
307 3991 453 4080 tamen,
476 3986 542 4083 qui
568 4007 646 4062 non
671 3996 761 4061 sunt
781 3986 829 4062 de
848 3984 1043 4085 Capitulo‚
1063 3985 1104 4061 in
1127 3983 1364 4060 Definitores
1383 3979 1580 4079 eligantur
1600 4005 1608 4052 :
1628 3976 1680 4055 ad
1702 3973 1814 4056 omnia

158 4105 240 4173 acta
258 4098 433 4194 ejusdem
459 4098 659 4177 dumtaxat
682 4101 850 4198 Capituli
872 4100 1142 4178 admittantur.
1166 4096 1460 4179 Praedicatores
1478 4107 1614 4177 autem
1630 4088 1813 4194 generales

158 4210 326 4289 dicimus
358 4242 366 4287 :
398 4214 605 4314 Magistros
639 4218 677 4290 in
716 4217 944 4315 'l'beologia
975 4225 1012 4293 et
1039 4216 1107 4315 qui
1141 4235 1211 4313 per
1252 4211 1429 4288 Priorem
1470 4207 1756 4286 Provincialem
1785 4209 1814 4278 et

157 4326 393 4406 Definitores
413 4330 581 4429 Capituli
613 4331 872 4408 Prouincialis
898 4331 1041 4409 fuerint
1067 4327 1249 4407 instituti.
1270 4326 1380 4424 Quos
1406 4322 1671 4401 instituendi:
1701 4319 1814 4409 nullus

160 4439 354 4538 vicarius,
388 4445 507 4521 etiarn
538 4468 626 4521 cunr
661 4446 948 4524 Detinitoribus
975 4445 1116 4525 babeat
1154 4450 1399 4543 potestatem.
1427 4438 1531 4517 Dicti
1559 4446 1694 4515 autem
1720 4436 1815 4513 Prae

155 4553 350 4635 dicatores
374 4561 574 4661 generales
602 4561 709 4639 dicto
736 4559 866 4639 officio
894 4583 974 4637 non
1000 4560 1213 4661 fungantur
1234 4586 1241 4633 :
1263 4557 1339 4634 nisi
1366 4557 1407 4631 in
1434 4553 1657 4650 Provincia,
1687 4554 1727 4630 111
1752 4568 1815 4650 qua

154 4668 299 4749 luerint
317 4674 502 4755 instituti.

205 4785 345 4864 Nullus
384 4790 497 4867 Prior
529 4794 809 4873 Conventualis
844 4797 962 4872 ducat
996 4813 1129 4869 secum
1163 4790 1298 4890 plures
1332 4785 1487 4861 Fratres
1515 4780 1567 4860 ad
1601 4781 1813 4884 Capitulum

155 4902 345 4980 Generale
378 4904 438 4981 vel
469 4907 744 4988 Provinciale:
775 4912 860 4987 sine
888 4931 1002 4987 causa
1031 4905 1220 5006 legitima.
1249 4899 1367 4997 Quod
1392 4899 1425 4976 si
1458 4897 1638 4975 Priorem
1667 4895 1817 4975 Prasia.

153 5014 292 5092 cialem
320 5018 456 5097 abesse
490 5027 711 5128 contigerit,
746 5049 816 5104 nec
844 5027 948 5104 vices
984 5044 1074 5100 suas
1106 5019 1223 5097 alicui
1256 5012 1515 5108 commiserit,
1543 5010 1608 5089 vel
1633 5011 1731 5108 ille,
1760 5007 1816 5087 cai

152 5132 419 5229 commiserit,
453 5139 587 5238 aliquo
614 5164 706 5218 casu
734 5141 875 5218 absens
903 5140 1020 5217 luerit
1049 5165 1056 5213 :
1087 5136 1199 5212 Prior
1227 5131 1337 5208 illius
1373 5128 1463 5224 loci,
1493 5125 1562 5211 nbi
1601 5123 1819 5229 Capitulum

151 5244 269 5323 fuerit
295 5246 593 5344 celebrandum,
625 5279 715 5333 cum
742 5255 1027 5334 Definitoribus
1053 5248 1238 5351 Capituli,
1267 5249 1308 5322 in
1336 5240 1604 5322 celebratione
1643 5238 1822 5345 procedat

151 5362 340 5457 ejusdem.
362 5366 540 5460 Quilibet
566 5383 697 5449 autem
728 5371 904 5449 Vicarius
932 5366 1137 5449 Generalis
1164 5360 1408 5454 Provinciae,
1438 5379 1509 5458 per
1534 5373 1824 5458 quemcumque

152 5477 314 5556 modum
355 5479 473 5561 fuerit
513 5486 685 5585 legitime
722 5489 947 5575 institutus,
983 5487 1114 5563 locum
1148 5475 1406 5556 Prouincialis
1431 5483 1564 5552 teneat
1595 5504 1603 5551 :
1635 5474 1825 5553 Fideliura
