3990 6082
164 339 232 442 30
752 328 1219 433 tumtumuus,

164 571 330 671 quern
354 535 499 639 Deus
525 538 819 639 caelestium
856 571 1038 638 rernrn
1068 541 1556 676 contemplatione,
1580 560 1632 644 et
1661 543 1799 643 virui

168 699 285 779 tum
325 681 491 817 gioria
528 682 831 783 mirabiiem
875 678 1072 783 effecit.
1098 669 1319 773 Festum
1346 672 1574 812 Duplex.
1599 674 1826 787 Alexan-

165 821 297 926 driae
319 863 330 921 ε
354 826 546 928 natalis
567 843 768 927 sanctae
792 823 1100 960 Apolloniae
1122 827 1355 958 virginis.
1381 825 1484 929 Coi
1516 832 1824 964 persecuto·

166 1002 245 1071 res
266 968 457 1071 dentes
479 1003 667 1071 omnes
688 970 928 1106 primum
959 972 1340 1090 excusserunt;
1364 971 1562 1074 deinde
1584 978 1825 1075 cor'rstrri·

163 1131 251 1214 cto
295 1146 358 1214 ac
394 1117 656 1216 succenso
695 1146 843 1247 rogn,
874 1145 1001 1214 cum
1041 1115 1511 1218 comminarentur
1554 1117 1730 1217 vivam
1777 1154 1825 1221 se

164 1289 281 1357 earn
304 1257 640 1378 incensuros,
670 1258 770 1358 nisi
800 1290 925 1357 cunr
951 1259 1025 1359 eis
1051 1259 1217 1394 impia
1247 1259 1409 1361 verba
1436 1257 1743 1397 proferret:
1772 1264 1826 1364 it-

162 1400 211 1500 ia
251 1401 541 1536 paululum
587 1402 730 1501 intra
768 1403 1110 1538 semetipsam
1152 1399 1475 1520 deliberans,
1509 1413 1738 1540 repente
1776 1441 1826 1508 se

162 1541 231 1644 de
275 1545 532 1647 manibus
578 1544 877 1681 impiorum
923 1547 1213 1683 proripuit,
1243 1564 1297 1646 ct
1335 1548 1390 1646 in
1430 1548 1631 1681 ignem,
1661 1583 1823 1683 quern

164 1689 501 1823 paraverant,
531 1688 720 1824 majori
745 1689 919 1789 sancti
939 1685 1170 1825 Spiritus
1197 1689 1414 1791 flamma
1454 1694 1605 1793 intus
1635 1696 1827 1796 accen-

160 1865 214 1930 sa
253 1851 449 1969 sponte
490 1833 790 1970 prosilivit;
823 1834 897 1931 ita
936 1850 998 1933 ut
1039 1837 1475 1968 perterrerentur
1512 1837 1676 1936 etiam
1725 1838 1824 1974 ipsi

161 1976 499 2078 crudelitatis
519 1975 769 2078 auctores
803 1972 992 2110 :qnod
1014 1975 1324 2112 promptior
1349 1979 1570 2080 inventa
1598 1998 1736 2082 esset
1762 1978 1826 2081 ad

164 2139 394 2223 mortem
415 2119 635 2241 femina,
658 2153 824 2255 qnam
849 2123 1163 2255 persecutor
1189 2120 1254 2221 ad
1280 2155 1516 2258 poenam.
1547 2116 1831 2223 Memoria.

160 2260 268 2363 soti
297 2265 354 2370 in
383 2264 606 2403 Cypro:
636 2261 952 2365 sanctoruni
981 2265 1282 2402 martyrum
1312 2263 1414 2365 Am
1426 2264 1592 2367 monii
1623 2285 1676 2367 et
1702 2267 1825 2369 Ate-

160 2404 369 2508 x‘indri.
397 2402 709 2510 Antiochiae
733 2438 745 2507 :
766 2408 937 2507 sancti
967 2405 1262 2544 Nicephori
1290 2411 1559 2547 martyris.
1590 2407 1700 2530 Qui
1728 2414 1833 2513 sub

162 2548 461 2653 Valeriano
489 2550 820 2688 imperatore
849 2551 1028 2687 capite
1055 2585 1225 2653 caesns
1253 2583 1265 2652 :
1295 2555 1538 2691 martyrii
1569 2552 1830 2655 coronam

29 2777 31 2781 ,
159 2697 388 2833 accepit.
405 2693 460 2795 ln
484 2694 666 2798 Africa
688 2697 742 2795 in
768 2696 984 2796 castello
1006 2692 1304 2798 Lemelensi
1322 2729 1333 2796 :
1349 2696 1664 2799 sanctorum
1699 2701 1835 2799 unir-

163 2856 346 2974 tyrum
395 2839 560 2941 Primi
600 2859 653 2942 et
693 2837 891 2940 Domiti
935 2836 1325 2941 Diaconorunr.
1351 2840 1460 2962 Qui
1502 2875 1628 2943 cum
1668 2843 1835 2945 altare

162 2983 213 3080 in
239 2984 465 3085 ccclesia
489 2987 804 3084 tutarentur
827 3016 838 3084 :
861 3015 892 3081 a
916 2980 1212 3083 Donatistis
1236 2987 1393 3086 occisi
1430 3003 1577 3085 sont.
1610 2981 1668 3084 ln
1712 3020 1836 3086 mo·

161 3127 393 3227 r'rasterio
437 3125 803 3228 Fontaneilae:
846 3127 1018 3226 saneti
1065 3124 1320 3228 Arisberti
1375 3127 1835 3263 Rhotouragensis

159 3266 432 3406 [Episcopi.
460 3268 682 3371 Canusii
707 3271 761 3370 in
791 3266 991 3406 Apulia
1020 3302 1031 3370 :
1060 3272 1232 3371 sancti
1260 3268 1442 3372 Sabini
1484 3271 1742 3411 Episcopi
1784 3292 1835 3377 et

158 3411 492 3515 confessoris

66 3613 200 3730 ml?
546 3607 758 3730 Quarto
789 3606 915 3708 idus
937 3606 1218 3708 Februarii
1245 3641 1256 3709 :
1283 3606 1436 3708 Luna

182 3813 1813 3952 abodeigbiklmnpqrstu

176 3968 1848 4055 nnnnnnnnmnnnnnmnmns

161 4088 1824 4205 ABCDEFFGHMNP

168 4245 1828 4334 aaraorcrsoron

11 4444 70 4512 nre
94 4448 144 4514 ιο,
167 4427 354 4646 Aron
377 4421 618 4502 montem
643 4399 961 4505 Cassinom:
990 4419 1193 4504 sanctae
1219 4398 1567 4506 Scholasticae
1596 4408 1830 4543 virginis,

279 4546 479 4647 sororis
505 4548 676 4647 sancti
706 4545 983 4649 Benedicti
1027 4543 1275 4666 Abbatis,
1299 4545 1395 4680 qui
1436 4543 1551 4679 ejus
1589 4551 1828 4655 animam

57 4740 62 4749 ·
163 4693 332 4792 instar
353 4690 624 4792 columban
650 4691 976 4826 migrantem
1001 4725 1029 4791 e
1052 4688 1282 4825 corpore
1320 4689 1376 4788 in
1418 4690 1612 4791 caelnrn
1640 4699 1829 4799 ascen-

164 4834 290 4936 dere
311 4833 466 4934 vidit.
480 4839 700 4941 Festum
718 4835 948 4972 Duplex.
962 4833 1153 4934 Romae
1168 4865 1179 4934 :
1195 4831 1508 4933 sanctorum
1524 4838 1829 4977 martyrum

162 4976 351 5098 Zotici,
393 4978 597 5096 Irenaei,
639 4974 956 5115 Hyacinthi,
997 4996 1049 5078 et
1076 4974 1336 5077 Amantii.
1383 4973 1588 5078 ibidem.
1614 4983 1700 5083 via
1727 4982 1828 5086 La-

165 5122 351 5221 vicina
377 5157 387 5224 :
410 5122 727 5224 sanctorum
749 5121 934 5224 decern
961 5121 1194 5220 rnilitum
1225 5121 1548 5256 martyrum.
1575 5128 1706 5227 ltern
1727 5125 1833 5229 Ro·

166 5299 266 5367 rnae
292 5266 376 5365 via
404 5265 611 5403 Appia:
634 5284 836 5367 sanctae
857 5262 1055 5366 Soteris
1075 5262 1296 5397 virginis
1317 5282 1369 5364 et
1391 5264 1656 5402 martyris.
1672 5266 1829 5393 Quae,

167 5425 227 5508 ut
256 5410 446 5511 scribit
480 5428 702 5512 sanctus
734 5408 1074 5524 Ambrosim,
1098 5406 1272 5506 nobiti
1320 5409 1516 5539 ge'nere
1554 5429 1700 5533 nata,
1729 5449 1830 5553 pa·
