3990 6082
544 386 633 464 Da'st
666 387 719 464 11.
739 386 795 462 De
815 385 993 485 Capitale
1011 385 1266 465 Prouinciali.
1696 387 1745 467 35

66 532 176 614 dioet
195 562 206 626 ;
233 532 433 612 licentiam
458 534 645 635 loquendi
665 534 814 613 tribuat
835 563 843 610 ε
863 542 901 611 et
918 536 1044 634 possit
1065 535 1280 614 concedere
1306 535 1455 614 litteras
1473 536 1522 614 de
1542 536 1744 615 beneficiis

64 646 178 726 illius
221 648 476 744 Provinciae,
516 649 684 727 durante
721 648 902 750 Capitulo
942 650 1180 728 Provinciali
1216 651 1431 729 dumtaxat.
1474 651 1617 728 Vicarii
1650 674 1742 740 vero

63 763 355 863 particulares,
392 765 472 841 sive
507 763 745 860 Nationum,
784 765 864 844 sive
902 764 1193 862 Conventuum,
1231 788 1302 843 nec
1339 764 1537 843 Fideliam
1576 766 1737 856 dicant;

65 899 142 957 nec
171 878 305 958 locum
343 900 457 956 suum
496 886 651 957 mutent
679 908 687 954 :
719 879 794 956 nisi
823 880 861 954 in
888 878 1086 979 Cupitum,
1115 880 1210 957 dum
1242 879 1390 957 ibidem
1421 901 1535 957 suum
1566 879 1739 960 officium

14 1090 17 1097 Ι
63 994 329 1073 exercuerint.

114 1108 313 1188 Praedicti
339 1109 458 1212 igitur
486 1108 753 1188 Definitores:
783 1110 1008 1189 tractabunt
1034 1110 1180 1201 omnia,
1209 1119 1247 1186 ct
1269 1108 1458 1186 definient
1485 1130 1573 1185 cum
1602 1109 1740 1190 Priore

63 1222 316 1303 Provinciali.
338 1222 508 1320 Quodsi
532 1224 573 1299 in
597 1224 678 1301 suis
702 1222 1001 1303 definitionibus
1021 1226 1060 1300 in
1085 1234 1215 1324 partes
1239 1219 1423 1322 aequales
1441 1244 1481 1300 se
1499 1222 1702 1303 diviserint
1726 1255 1733 1300 :

62 1339 229 1418 illorum
254 1339 449 1417 sententia
473 1337 724 1438 praevalebit,
754 1339 794 1413 in
827 1361 997 1439 quorum
1029 1351 1178 1439 partem
1209 1339 1320 1416 Prior
1355 1338 1613 1416 Provincialis
1640 1362 1738 1418 con-

62 1454 296 1533 cordaverit.
326 1453 431 1531 Alias
461 1454 566 1530 euim
594 1453 820 1532 :sententia
853 1453 1028 1552 plurium
1065 1452 1314 1553 praevalebit.
1346 1452 1387 1532 Si
1416 1461 1545 1531 autem
1574 1476 1645 1554 per
1669 1454 1736 1532 ad·

58 1570 321 1670 junctionem,
361 1570 418 1647 vel
445 1569 662 1647 absentiam
693 1570 839 1647 Prioris
867 1567 1134 1664 Provincialis,
1166 1568 1223 1645 vel
1251 1571 1335 1666 ejus
1360 1567 1516 1663 vicarii,
1544 1569 1606 1647 vel
1643 1593 1735 1647 casu

61 1685 200 1786 aliquo
238 1685 503 1785 contingente,
541 1692 673 1782 partes
710 1683 803 1762 liant
841 1683 1052 1785 aequales;
1078 1706 1180 1760 unus
1215 1683 1263 1759 ab
1302 1682 1449 1760 eisdem
1476 1682 1526 1760 de
1554 1682 1735 1785 Capitulo

61 1800 260 1902 eligatur:
285 1808 324 1877 et
342 1799 383 1875 in
407 1819 578 1898 quorum
604 1806 757 1897 partem
782 1798 1053 1893 declinaverit,
1075 1797 1235 1875 illorum
1264 1797 1456 1875 sententia
1483 1798 1736 1898 praevalebit.

63 1915 132 1993 lsti
162 1923 294 1992 autem
321 1922 493 2014 quatuor
525 1912 763 1991 Definitores
789 1935 992 1992 excessum
1022 1913 1173 1991 Prioris
1200 1912 1456 1990 Provincialis
1482 1913 1649 1991 confessi
1677 1915 1735 1992 vel

10 2026 25 2045 “
60 2028 294 2129 proclamati
322 2029 361 2104 iu
384 2027 569 2127 Capitulo
592 2028 828 2105 Provinciali
853 2050 984 2107 coram
1015 2028 1216 2105 Fratribus
1242 2026 1401 2104 audiant
1427 2035 1466 2103 et
1490 2028 1730 2107 emendant:

58 2144 94 2222 ei
124 2143 410 2244 poenitentiam
433 2143 691 2242 injungentes.
713 2142 754 2220 Si
774 2153 918 2238 autem,
940 2143 1046 2244 quod
1071 2142 1188 2237 absit,
1209 2140 1493 2244 incorrigibilis
1511 2143 1701 2221 exstiterit
1723 2172 1731 2219 ε

57 2258 192 2359 ipsum
230 2279 355 2359 usque
392 2257 440 2334 ad
478 2256 702 2356 Capitulum
741 2257 933 2335 Generale
967 2260 1210 2358 suspendant
1242 2257 1291 2334 ab
1323 2254 1453 2334 officio
1498 2255 1731 2349 Prioratus;

55 2372 233 2475 aliquem
265 2373 454 2450 idoneum
487 2372 575 2450 loco
602 2373 687 2471 ejus
720 2372 1041 2451 substituentes:
1073 2383 1111 2449 et
1141 2375 1224 2471 eius
1255 2392 1455 2449 excessum
1485 2368 1652 2449 referant
1686 2372 1735 2449 ad

57 2485 292 2587 Capitulum
306 2487 513 2573 Generale,
538 2488 686 2587 scripto
711 2490 976 2566 communiter
999 2488 1184 2590 sigillato.

107 2599 289 2702 Capitula
322 2600 582 2680 Provincialis
610 2601 797 2701 deinceps
824 2603 919 2680 fiant
944 2602 1142 2680 biennalis
1169 2631 1175 2676 :
1203 2602 1235 2679 si
1269 2610 1307 2678 et
1338 2601 1378 2676 in
1411 2609 1602 2700 quantum
1635 2601 1735 2679 Pro·

52 2714 232 2813 vinciali,
259 2725 296 2794 et
332 2715 618 2795 Definitorihus
643 2718 684 2792 in
708 2739 787 2803 sua,
810 2718 1011 2795 Provincia
1037 2717 1234 2796 videbitur
1262 2715 1459 2817 expedire.
1498 2716 1542 2792 ln
1569 2715 1735 2816 singulis

56 2842 192 2911 antem
220 2830 415 2932 Capitulis
444 2831 773 2927 Provincialibus,
802 2833 947 2911 auditis
974 2835 1103 2935 culpis
1136 2863 1144 2911 :
1175 2835 1242 2913 liat
1273 2842 1466 2912 secretum
1498 2831 1732 2913 scrutinium

55 2950 98 3025 iu
128 2956 343 3048 conspectu
361 2946 542 3024 omnium
566 2968 684 3046 super
703 2948 923 3025 retentione
941 2949 1000 3025 vel
1020 2950 1270 3028 absolutione
1290 2950 1439 3028 Prioris
1462 2947 1731 3044 Provincialis,

53 3085 147 3143 cum
172 3062 425 3163 expressione
450 3062 657 3140 nominum
683 3072 721 3139 et
747 3061 966 3141 officiorum
998 3065 1179 3143 Fratrum
1206 3065 1510 3166 exprimentium
1533 3072 1621 3143 vota
1649 3086 1730 3159 sua,

55 3202 130 3281 per
160 3177 395 3257 Definitores
422 3176 592 3275 Capituli
624 3176 895 3254 Provincialis.
932 3179 980 3255 Et
1009 3179 1084 3257 hoc
1113 3181 1346 3257 scrutinium
1378 3201 1456 3256 non
1494 3179 1729 3279 publicetur,

59 3317 132 3372 nec
151 3293 272 3371 alicui
291 3291 543 3381 ostendatur;
568 3293 635 3369 sed
661 3292 792 3369 statim
819 3292 959 3391 sigillis
982 3295 1159 3371 omnium
1179 3294 1438 3372 Definitorum
1459 3295 1499 3369 in
1520 3304 1731 3392 conspectu

57 3408 241 3488 omnium
268 3407 460 3508 sigilletur
480 3435 487 3481 :
510 3417 548 3484 et
566 3429 636 3506 per
654 3407 909 3485 Definitorem
935 3407 1137 3488 Generalis
1163 3409 1345 3508 Capituli,
1367 3409 1426 3487 vel
1452 3411 1537 3508 ejus
1562 3408 1728 3502 socium,

58 3523 119 3601 vel
147 3545 220 3624 per
243 3522 395 3601 socium
424 3523 574 3599 Prioris
609 3523 882 3608 Provincialis,
911 3527 952 3601 in
981 3546 1086 3602 anno
1117 3523 1435 3617 Prouincialium,
1461 3523 1509 3600 ad
1543 3520 1732 3602 Generale

61 3638 291 3740 Capitulum
324 3638 532 3715 deferatur.
563 3639 610 3715 Et
643 3641 738 3716 baec
763 3640 900 3717 eadem
926 3641 1051 3719 forma
1091 3640 1267 3717 scrutinii
1303 3639 1470 3717 faciendi
1507 3638 1556 3715 de
1593 3636 1730 3714 Priore

61 3753 319 3834 Conventuali
348 3775 417 3852 per
444 3752 715 3853 Suppriorem,
742 3756 802 3833 vel
827 3757 910 3855 eJ‘us
931 3756 1131 3834 Vicarium
1158 3756 1198 3830 in
1224 3755 1401 3833 absentia
1428 3753 1671 3855 Supprioris,
1692 3761 1731 3829 et

59 3867 163 3947 duos
190 3868 434 3968 antiquiores
459 3868 497 3943 iu
524 3867 675 3946 Ordine
693 3868 742 3946 de
765 3868 966 3949 Conventu
989 3879 1214 3971 praesentes
1232 3871 1273 3945 in
1293 3869 1485 3969 Capitulo,
1508 3869 1547 3943 iu
1566 3874 1729 3945 tractatu

57 4005 212 4078 eorum,
232 4005 332 4082 quae
360 3982 547 4061 mittenda
571 3984 730 4061 suntad
750 3984 989 4084 Capitulum,
1009 3987 1266 4075 observetur;
1294 3994 1331 4062 et
1352 3983 1482 4084 sigillo
1506 3984 1729 4062 Conventus

59 4096 278 4198 sigilletur:
301 4109 339 4177 et
355 4121 426 4198 per
444 4099 596 4177 socium
616 4100 766 4177 Prioris
788 4101 838 4177 ad
860 4101 1100 4179 Provinciale
1118 4100 1342 4200 Capitulum
1363 4099 1657 4176 transmittatur.

109 4214 233 4292 Dictis
271 4220 399 4291 autem
435 4214 726 4292 Scrutatoribus
759 4214 1001 4295 voluntatum
1036 4217 1076 4291 in
1111 4216 1251 4294 virtute
1286 4223 1442 4292 sanctae
1477 4211 1728 4290 obedientiae

58 4329 357 4430 praecipimus:
387 4331 493 4429 quod
524 4329 673 4408 dictum
710 4333 946 4409 scrutinium
981 4332 1098 4409 alicui
1135 4354 1205 4431 per
1243 4330 1402 4408 modum
1434 4327 1606 4427 aliquem
1647 4348 1726 4402 non

56 4442 244 4523 revelent.
277 4444 393 4541 Quod
425 4445 456 4522 si
484 4446 629 4546 aliquis
667 4446 726 4523 vel
761 4446 885 4547 aliqui
918 4447 967 4523 de
1002 4447 1214 4547 praedictis
1249 4443 1542 4524 scrutatoribus
1580 4441 1726 4519 Prioris

56 4559 351 4655 Conventualis,
389 4560 717 4660 impedimentum
744 4562 949 4657 haberent,
983 4563 1134 4663 judicio
1171 4563 1331 4660 majoris
1366 4559 1486 4659 partis
1518 4556 1726 4634 medietate

54 4675 295 4771 Conventus,
332 4675 382 4752 ad
413 4676 670 4765 audiendum,
702 4676 761 4753 vel
793 4677 1021 4772 videndum,
1061 4701 1129 4755 seu
1166 4675 1418 4755 scribendum
1457 4697 1513 4766 ea,
1551 4693 1651 4772 quae
1684 4671 1725 4746 iu

52 4791 246 4869 scrutinio
263 4790 532 4891 deponuntur;
551 4814 651 4870 unus
671 4815 717 4869 ex
738 4793 939 4871 Fratribus
957 4793 1007 4869 ad
1025 4793 1149 4893 ipsam
1170 4792 1398 4869 electionem
1419 4785 1722 4888 pertinentibus,

51 4928 190 5007 quem,
219 4914 261 4984 ut
295 4906 441 4984 dictum
470 4916 541 5001 est,
572 4909 698 5006 major
722 4930 814 5008 pars
842 4907 1065 4986 Conventus
1091 4906 1363 4999 nominaverit,
1391 4905 1478 4982 loco
1506 4902 1627 4996 illius,
1656 4901 1722 5001 qui

48 5020 268 5120 impeditus
302 5021 433 5107 luerit,
464 5021 512 5098 ad
545 5023 817 5123 recipiendum
845 5024 994 5101 dictum
1023 5024 1255 5101 scrutinium
1283 5021 1539 5099 admittatur:
1567 5026 1606 5096 et
1630 5022 1725 5094 tunc

47 5136 99 5214 ad
128 5136 361 5237 servandum
392 5138 520 5237 ipsum
549 5138 728 5215 scrutinii
754 5149 960 5231 secretum,
992 5161 1038 5216 ex
1062 5140 1096 5217 vi
1125 5138 1318 5239 praecepti
1350 5145 1539 5228 teneatur,
1569 5144 1612 5210 ut
1639 5132 1722 5208 alii.

47 5253 101 5332 Et
133 5252 216 5328 baec
243 5253 377 5331 eadem
410 5253 570 5330 forma:
605 5255 707 5331 circa
734 5254 966 5331 scrutinium
1011 5255 1233 5332 Electorum
1269 5253 1414 5330 Prioris
1449 5248 1721 5344 Provincialis,

43 5376 89 5447 et
110 5365 316 5444 electionis
336 5368 486 5446 Prioris
506 5369 796 5460 Conventualis,
818 5369 857 5444 in
877 5369 1064 5446 omnibus
1083 5369 1324 5446 observetur.

100 5481 350 5560 accusationi
385 5507 488 5579 vero,
522 5495 560 5562 et
594 5484 829 5562 correctioni
862 5514 869 5560 :
899 5484 1061 5584 prosessi
1103 5493 1192 5584 post
1222 5482 1437 5563 triennium
1466 5481 1516 5558 ab
1544 5482 1721 5580 ingressu
