3990 6082
54 440 59 451 .
163 338 237 451 as
321 383 323 387 ·
530 314 534 471 j
878 333 1115 440 nnius,

161 559 220 659 in
249 553 630 695 perseeutione
670 549 990 653 Diodetiaini
1018 551 1074 650 in
1103 548 1345 655 Tiberim
1371 552 1765 692 praeeipitdtus
1788 570 1842 658 et

162 699 233 802 ab
272 698 482 837 Angelo
520 693 715 800 exinde
753 697 990 832 ereptus,
1018 695 1257 797 oratorio
1284 696 1511 834 proprio
1555 697 1841 801 restitutus

161 861 276 947 est:
301 840 502 946 deinde
540 840 719 978 eapite
762 840 1009 977 punitus,
1038 837 1213 941 vietor
1249 839 1502 975 migravit
1544 838 1612 943 ad
1658 842 1839 945 oaeios.

157 978 378 1090 Eodem
396 985 507 1088 die:
531 983 701 1088 saneti
725 978 912 1085 Evenit
935 982 1204 1120 martyris.
1222 982 1331 1104 Qui
1354 1017 1483 1088 eum
1503 1002 1640 1088 esset
1665 983 1740 1088 de
1765 982 1842 1086 fa·

159 1131 309 1233 milia
328 1129 376 1232 N
379 1126 651 1248 erdniS‚a'd
677 1124 985 1265 passionem
1005 1129 1179 1229 saneti
1200 1122 1454 1265 Torpe'tis
1473 1127 1530 1229 in
1553 1126 1840 1233 Christum

160 1270 398 1377 eredidit
427 1305 562 1412 :pro
601 1304 715 1406 quo
754 1285 806 1371 et
844 1266 1143 1372 decollatus
1169 1286 1264 1374 est.
1292 1266 1429 1374 ltem
1456 1269 1679 1376 Romae:
1710 1305 1838 1375 san·

159 1417 377 1521 otdrum
401 1419 706 1555 martyrum
728 1410 967 1532 Maximi,
991 1410 1155 1530 Bassi,
1177 1431 1230 1517 et
1250 1409 1421 1534 Fabii,
1444 1417 1541 1551 qui
1568 1415 1674 1519 sub
1703 1414 1842 1519 Dio·

158 1561 393 1664 cletiano
416 1561 500 1661 via
522 1557 722 1661 Salaria
743 1556 866 1659 eaesi
883 1572 1030 1658 snnt.
1046 1552 1276 1658 Auximi
1301 1559 1358 1659 in
1382 1557 1600 1663 Piceno:
1622 1561 1842 1664 sanotd

158 1739 283 1806 rum
323 1705 628 1843 martyrum
671 1700 848 1801 Sisinii
901 1699 1142 1820 Unicum,
1171 1700 1436 1819 Diocletii
1458 1719 1513 1805 et
1555 1700 1839 1826 Florentii,

156 1847 559 1983 discipuidrurn
597 1845 770 1948 saneti
798 1841 1051 1944 Anthimi
1083 1843 1402 1983 Presbyteri.
1427 1842 1539 1967 Qui
1566 1845 1673 1950 sub
1702 1845 1842 1950 Dio·

157 1992 392 2096 cletiano
444 1987 718 2128 lapidibus
756 1987 978 2088 obruti:
1031 1990 1360 2126 martyrium
1398 1989 1835 2128 compleverunt.

156 2129 435 2238 Varennis
457 2163 469 2236 :
493 2134 666 2236 saneti
705 2129 1025 2267 Gangulphi
1058 2130 1329 2271 martyris.
1350 2128 1594 2236 Viennae
1618 2163 1629 2234 ε
1659 2138 1837 2239 sancti

157 2276 409 2381 Mamerti
423 2276 697 2415 Episcopi.
711 2275 820 2397 Qui
841 2277 915 2377 ob
937 2273 1318 2378 imminentem
1339 2274 1548 2380 dadem
1568 2277 1836 2383 solemnes

157 2439 284 2524 ante
305 2421 694 2525 Ascensionem
721 2417 940 2521 Domini
965 2415 1245 2520 triduanas
1271 2418 1507 2523 Limnias
1525 2419 1582 2522 in
1611 2453 1675 2524 ea
1697 2422 1834 2527 urbe

41 2593 132 2693 ‚irin
156 2566 397 2668 instituit
419 2595 429 2667 :
450 2556 475 2611 '²‘
498 2571 666 2700 quern
694 2563 860 2663 ritum
885 2560 1070 2698 postea
1096 2561 1413 2665 universalis
1436 2561 1677 2668 Ecclesia
1700 2569 1832 2671 reei-

5 2689 99 2834 ἷζζῗῗ·
198 2709 315 2811 iens
342 2706 741 2845 comprobavit.
764 2701 938 2844 Apud
959 2701 1310 2808 Sitrinr'aeum
1337 2739 1346 2809 :
1372 2705 1643 2844 depositio
1661 2711 1827 2813 sancti

157 2743 340 2954 itaioti
366 2849 594 2954 Abbatis
621 2848 1015 2968 Cinniacensis‚
1045 2846 1203 2982 cujus
1243 2851 1352 2951 vita
1392 2851 1593 2954 sanetis
1631 2854 1829 2959 meritis

156 2994 263 3098 fuir
293 2995 568 3134 praeclara.
1373 3005 1375 3008 ⁴

45 3192 195 3295 xvnF
626 3186 846 3306 Quarto
873 3188 1000 3293 ldus
1021 3187 1187 3294 Maii:
1216 3186 1365 3292 Luna

147 3380 1842 3524 abrdesghiklmnpqrstu

154 3539 1873 3622 totoursrsanttattattmtotttsts3019ae

145 3656 1874 3766 ABCDEFFGHMNI'*

169 3800 1874 3898 45678991011121315

0 3989 58 4048 ⁴¹¹
84 3986 135 4051 ⁴2·
215 4007 241 4074 n
263 3975 590 4078 monasterio
613 3971 890 4075 Aveire'nsi
913 3966 1137 4071 Ordinis
1162 3969 1608 4074 Praedieatdrum:
1635 3971 1874 4074 natatifi

151 4014 199 4236 Ι
231 4119 406 4222 beatae
447 4117 675 4219 Joannae
702 4114 940 4251 virginis,
964 4112 1260 4217 Lusitaniae
1286 4113 1529 4233 Infantis,
1555 4098 1874 4252 Arphonsij

151 4263 349 4390 Quinti
372 4261 509 4397 regis
530 4259 846 4395 filiae;eujus
868 4257 942 4359 ob
963 4257 1256 4387 singularia
1271 4257 1823 4362 meritalnnoeentius
1840 4276 1875 4341 i

150 4405 527 4513 Duodecimus
553 4403 622 4507 de
643 4399 1033 4506 venerabiiium
1055 4419 1257 4503 sanetae.
1283 4399 1544 4505 Romanae
1570 4400 1823 4508 Ecclesia
1856 4428 1875 4455 ⁴

150 4547 528 4656 Cardirudium
571 4547 734 4650 saeris
772 4544 967 4647 ritibus
1006 4543 1427 4681 praepositorum
1465 4545 1724 4648 consilio:
1764 4546 1821 4649 in

151 4712 268 4799 toto
290 4725 457 4827 regno
487 4689 843 4825 portugalliae,
872 4721 974 4791 nee
1003 4688 1192 4789 nonin
1223 4689 1477 4792 universo
1503 4686 1822 4794 Praedicato-

150 4873 275 4942 rum
315 4833 525 4939 Ordine
571 4832 784 4936 Missam
822 4850 876 4935 et
916 4826 1181 4934 Officium
1219 4830 1289 4934 de
1320 4827 1616 4937 Communi
1657 4835 1821 4937 unius

148 4980 389 5116 Virginis
410 5012 522 5080 non
536 4976 788 5116 Martyris
803 4974 1059 5079 celebrari
1086 4975 1811 5121 permisitFestnmDuplex.

140 5114 338 5227 Romae
371 5124 457 5225 via
498 5118 828 5224 Ardeatina:
863 5118 1178 5222 sanctorum
1225 5121 1531 5258 martyrum
1569 5119 1731 5226 Nerei
1768 5137 1820 5226 et

151 5269 375 5372 Achillei
399 5265 645 5367 fratrum.
671 5263 780 5387 Qui
803 5264 981 5401 primo
1002 5294 1127 5363 euni
1154 5259 1335 5364 Flavia
1357 5260 1819 5401 Domitilla,cujus

145 5428 301 5514 erant
350 5410 613 5525 eunuchi,
654 5408 925 5509 ininsula
974 5405 1163 5507 Pontia
1204 5406 1430 5541 longum
1468 5440 1571 5544 pro
1597 5404 1818 5512 Christo
