3990 6082
515 373 614 454 Dist.
643 375 696 453 ΙΙ.
725 377 782 453 De
810 376 989 455 electione
1019 378 1171 456 Paionia
1200 376 1472 456 Provincialis.
1771 376 1818 454 27

150 521 265 618 serit,
295 542 480 622 praesens
506 522 546 599 in
577 523 780 603 Provincia
814 524 1015 602 exstiterit.
1046 525 1160 622 Quod
1192 526 1224 602 si
1252 524 1475 624 Capitulum
1503 524 1747 602 Provinciale
1773 548 1820 602 ex

149 636 441 738 aliqua-causa
465 637 515 715 ad
546 637 789 719 Conventum
818 639 939 719 alium
972 640 1227 719 transferatur
1260 642 1375 739 (quae
1402 638 1608 717 translatio
1643 639 1711 718 fiat
1748 662 1819 740 per

151 752 332 839 Priorem
362 743 662 849 Provincialem,
693 754 752 833 vel
779 759 862 854 ejus
889 754 1086 834 Vicarium
1114 756 1163 833 de
1190 755 1355 835 consilio
1382 754 1644 832 discretorum
1661 756 1703 853 ;)
1729 764 1819 854 post

150 866 464 960 translationem,
495 868 644 946 Prioris
678 869 819 947 vicarii
856 876 1026 969 potestas
1063 873 1263 970 exspiret:
1293 876 1330 949 et
1369 869 1484 946 Prior
1517 869 1593 948 loci
1625 866 1745 965 illius,
1769 870 1819 948 ad

151 1003 274 1084 quem
298 981 520 1082 Capitulum
547 982 664 1062 luerit
691 984 938 1080 translatum,
967 984 1071 1065 vices
1105 987 1253 1065 Prioris
1280 983 1538 1063 Provincialis
1565 985 1604 1060 in
1633 984 1819 1064 omnibus

151 1095 365 1178 obtinebit.

204 1211 317 1292 ldem
339 1212 523 1303 dicimus,
553 1216 585 1293 si
622 1217 843 1317 Capitulum
878 1218 1064 1296 Generale
1095 1217 1302 1314 contigerit
1331 1215 1382 1292 ad
1416 1215 1536 1293 aliam
1571 1213 1817 1293 Provinciam

149 1326 385 1406 transferri:
409 1327 735 1432 videlicet‚quod
760 1333 969 1411 auctoritas
995 1332 1171 1409 Vicariae
1195 1330 1245 1407 ad
1275 1328 1558 1409 Provincialem
1587 1328 1694 1407 illius
1723 1328 1817 1405 Pro-

149 1442 304 1521 vinciae
336 1464 426 1521 oum
461 1443 640 1546 Capitulo
670 1448 934 1526 transferatur.
965 1449 1005 1527 Si
1041 1456 1167 1528 autem
1200 1448 1423 1527 Conventus
1453 1447 1533 1542 ille,
1562 1447 1624 1525 cui
1660 1444 1818 1545 Capitu-

148 1555 236 1635 lum
265 1558 505 1657 assignatum
539 1560 680 1657 luerat,
717 1562 777 1642 vel
814 1563 1064 1657 translatum,
1099 1564 1277 1641 Priorem
1305 1585 1384 1640 non
1413 1562 1607 1657 habuerit,
1638 1557 1705 1639 vel¹
1726 1580 1816 1637 eum

148 1670 254 1750 infra
286 1679 443 1774 tempus
475 1674 648 1757 Vicariae
684 1699 776 1757 suae
805 1679 922 1767 mori,
959 1680 1019 1757 vel
1056 1680 1228 1757 amoveri
1261 1679 1480 1779 contigerit,
1502 1677 1562 1755 vel
1590 1684 1697 1754 extra
1724 1675 1818 1752 Pro·

149 1785 325 1865 vinciam
358 1810 443 1868 esse
458 1818 470 1882 ;
499 1790 665 1872 durante
690 1797 775 1891 ejus
800 1793 989 1886 absentia,
1017 1795 1131 1872 Prior
1158 1794 1264 1872 illius
1290 1794 1446 1890 domus,
1476 1793 1544 1870 ubi
1577 1787 1819 1869 Provinciale

149 1900 378 2002 Capitulum
398 1905 634 1985 antecedens
660 1907 784 1987 fuerat
809 1908 1063 2004 celebratum,
1083 1910 1188 1987 vices
1214 1909 1363 1987 Prioris
1386 1903 1641 1986 Provincialis
1670 1905 1710 1980 in
1735 1924 1817 1981 om·

147 2015 271 2096 nibus
297 2017 519 2098 obtinebit:
549 2029 587 2099 et
614 2023 671 2100 sic
696 2022 883 2124 deinceps
922 2025 1220 2120 retrocedendo,
1251 2045 1457 2125 quousque
1484 2022 1705 2099 Conventus
1736 2016 1816 2112 ille,

148 2131 194 2209 in
220 2153 300 2233 quo
324 2133 569 2213 Provinciale
598 2135 821 2242 Capitulum
848 2139 974 2217 laverat
999 2139 1253 2235 celebratum,
1291 2139 1470 2216 Priorem
1515 2134 1710 2230 habuerit,
1748 2131 1816 2231 qui

147 2246 256 2325 vices
286 2248 439 2328 Prioris
468 2250 728 2329 Provincialis
754 2254 795 2329 in
820 2253 1006 2332 omnibus
1041 2254 1250 2349 obtinebit,
1280 2254 1407 2332 donec
1434 2252 1548 2329 Prior
1582 2248 1689 2327 illius
1724 2247 1817 2325 Pro·

146 2361 303 2441 vinciae
335 2364 386 2442 sit
419 2363 580 2463 electus,
617 2377 654 2445 et
687 2368 972 2458 confirmatus;
1011 2369 1070 2449 vel
1109 2370 1292 2470 Magister
1329 2368 1508 2462 Ordinis,
1538 2365 1596 2442 vel
1631 2357 1820 2442 Generale

147 2474 374 2578 Capitulum
401 2479 441 2555 in
469 2481 682 2581 praedictis
706 2484 861 2561 casibus
887 2484 1002 2563 aliter
1042 2485 1311 2563 ordinaverit:
1339 2482 1399 2561 vel
1426 2482 1511 2582 ipse
1545 2475 1814 2564 Provincialis,

148 2590 212 2670 vel
235 2592 300 2670 cui
327 2594 429 2672 vices
456 2616 547 2674 suas
573 2599 832 2690 commiserit,
865 2622 1050 2699 praesens
1077 2601 1116 2675 in
1149 2598 1352 2676 Provincia
1380 2595 1584 2674 exstiterit.

201 2705 244 2786 Si
267 2729 359 2786 vero
392 2709 506 2789 Prior
538 2711 647 2790 illius
676 2711 910 2808 Conventus,
944 2716 1010 2792 ubi
1037 2713 1279 2792 Provinciale
1310 2708 1531 2811 Capitulum
1570 2707 1686 2786 fuerit
1719 2704 1818 2784 cele·

146 2822 361 2920 brendam,
382 2825 423 2901 in
464 2827 671 2906 Provincia
703 2851 890 2928 praesens
919 2831 1125 2925 exstiterit,
1162 2829 1231 2907 sed
1264 2828 1393 2927 aliqua
1423 2846 1613 2905 excausa
1640 2820 1817 2923 Capitulo

150 2937 385 3018 Provinciali
404 2961 484 3019 non
511 2941 760 3036 interfuerit;
788 2944 906 3020 simili
931 2945 1050 3022 modo
1079 2945 1192 3022 Prior
1218 2943 1325 3021 illius
1351 2943 1441 3037 loci,
1468 2940 1536 3019 ubi
1563 2939 1689 3017 iuerat
1705 2958 1817 3037 prae·

148 3053 294 3133 cedens
318 3053 540 3155 Capitulum
567 3057 823 3155 celebratum,
854 3061 957 3137 vices
985 3060 1135 3138 Prioris
1171 3058 1429 3137 Provincialis
1464 3057 1515 3154 (in
1547 3056 1635 3155 ipso
1666 3061 1817 3131 tantum

148 3168 345 3272 Capitulo,
366 3172 532 3250 durante
557 3173 733 3252 absentia
759 3176 950 3275 praedicti
975 3177 1136 3272 Prioris)
1165 3176 1204 3251 in
1238 3173 1424 3252 omnibus
1452 3170 1675 3251 obtinebit:
1707 3166 1817 3244 finito

148 3307 243 3365 vero
269 3285 449 3387 Capitulo
473 3289 586 3366 Prior
612 3291 767 3384 domus,
788 3291 827 3367 in
846 3315 922 3392 qua
940 3291 1166 3391 Capitulum
1188 3291 1288 3368 illud
1305 3290 1380 3367 luit
1395 3291 1546 3368 noviter
1561 3286 1814 3379 celebratum,

147 3400 253 3481 vices
288 3400 436 3480 Prioris
477 3403 733 3483 Provincialis
765 3406 821 3502 (eo
856 3408 992 3499 modo,
1025 3428 1104 3507 quo
1139 3428 1257 3504 supra
1291 3405 1441 3482 dictum
1471 3405 1539 3501 est)
1561 3404 1602 3478 in
1630 3399 1817 3479 omnibus

147 3516 358 3597 obtinebit.
386 3515 425 3596 Si
455 3526 583 3596 autem
612 3520 791 3613 Priorem
811 3521 1095 3600 Provincialem
1116 3522 1155 3596 in
1181 3521 1362 3620 Capitulo
1382 3515 1577 3614 Generali,
1597 3515 1658 3594 vel
1686 3513 1817 3592 medio

147 3625 328 3732 tempore
354 3654 479 3732 osque
508 3633 557 3709 ad
585 3633 807 3733 Capitulum
834 3636 1093 3733 Provinciale,
1114 3636 1173 3714 vel
1203 3637 1243 3711 in
1271 3636 1358 3734 ipso
1383 3633 1563 3734 Capitulo
1583 3628 1817 3710 Provinciali

145 3747 266 3845 mori,
298 3747 360 3826 vel
393 3748 582 3839 amoveri,
619 3750 674 3826 vel
713 3772 964 3851 quocumque
999 3775 1090 3830 casu
1121 3751 1234 3828 vinfra
1260 3749 1361 3827 illud
1386 3756 1543 3848 tempus
1572 3745 1817 3825 Provinciam

143 3865 324 3965 aliquam
356 3865 492 3944 Priore
520 3866 757 3945 Provinciali
785 3889 916 3944 carere
944 3868 1165 3968 contigerit,
1187 3868 1246 3946 vel
1275 3867 1450 3945 carentia
1477 3866 1562 3964 ipsa
1589 3862 1816 3952 duraverit;

142 3980 197 4061 ad
215 3980 356 4081 ipsum·
371 3979 593 4080 Capitulum
623 3981 865 4060 Provinciale
891 3982 974 4078 ejus
998 3981 1139 4060 electio
1160 3978 1396 4081 pertinebit:
1418 4001 1495 4079 qua
1512 3982 1681 4079 peracta,
1704 3976 1820 4076 Capi·
1872 4023 1884 4040 ·

141 4095 276 4175 tulum
309 4095 556 4174 Provinciale
587 4096 822 4175 celebretur.

196 4209 316 4306 Quod
341 4210 375 4287 si
403 4231 473 4287 nec
497 4211 582 4310 ipse
609 4211 649 4286 in
677 4210 766 4309 ipso
790 4211 969 4312 Capitulo
996 4210 1158 4302 electus,
1181 4231 1251 4285 neo
1278 4209 1382 4286 alius
1406 4209 1524 4286 laverit
1549 4206 1817 4299 confirmatus,

144 4323 208 4403 vel
235 4332 325 4424 post
351 4324 594 4403 Provinciale
626 4326 865 4426 Capitulum,
896 4325 1076 4407 Priorem
1106 4324 1393 4402 Provincialem
1422 4323 1539 4417 mori,
1560 4320 1620 4398 vel
1647 4323 1817 4399 amoveri

145 4437 386 4537 contigerit:
416 4437 483 4538 qui
511 4441 595 4536 ejus
621 4438 752 4517 locum
781 4441 946 4532 obtinet,
980 4448 1161 4515 teneatur
1188 4458 1418 4533 convocare,
1441 4434 1676 4535 quantocius
1711 4442 1818 4533 pote·

146 4557 216 4651 rit,
241 4557 466 4648 electorem
499 4564 538 4635 et
565 4559 604 4633 in
629 4558 765 4636 dicad
796 4557 1020 4656 eligendum
1048 4557 1246 4656 assignata
1273 4556 1387 4632 Prior
1412 4553 1670 4631 Provincialis
1696 4553 1819 4655 eliga-

146 4682 230 4766 tur,
259 4672 316 4751 vel
343 4673 589 4773 postuletur:
620 4683 658 4751 et
684 4670 929 4750 Provinciale
957 4670 1178 4769 Capitulum
1211 4669 1442 4763 celebretur,
1470 4669 1545 4745 nisi
1575 4669 1685 4769 prius
1722 4669 1819 4747 cele·

145 4796 305 4874 bratum
329 4793 460 4872 fuerit.
486 4792 602 4891 Quod
628 4795 661 4870 si
689 4794 729 4868 in
757 4791 823 4868 die
857 4800 998 4870 statuta
1025 4813 1104 4869 non
1132 4790 1331 4889 elegerint,
1352 4787 1410 4865 vel
1439 4789 1731 4887 postulaverint,
1752 4793 1820 4891 qui

145 4909 296 4987 debent
329 4907 501 5007 eligere:
534 4907 585 4984 ad
611 4907 842 5008 Magistrum
875 4907 1041 4984 Ordinis
1068 4913 1242 5005 potestas
1279 4903 1515 5003 providendi
1549 4905 1816 4985 transferatur.

143 5020 267 5122 Quod
301 5021 332 5098 si
367 5023 519 5099 Fratres
542 5024 826 5120 quuscumque
858 5021 1087 5098 Provinciae
1115 5018 1215 5094 infra
1236 5039 1398 5112 annum,
1420 5029 1630 5118 postquam
1650 5020 1707 5096 eis
1726 5042 1815 5097 con·

141 5137 301 5228 stiterit,
321 5137 429 5237 quod
463 5138 668 5215 Provincia
703 5147 809 5213 caret
841 5158 911 5213 suo
948 5136 1121 5233 legitimo
1159 5132 1404 5229 Provinciali,
1427 5156 1505 5212 non
1534 5135 1736 5236 elegerint,
1756 5137 1817 5215 vel

142 5276 231 5333 non
266 5252 550 5351 postulaverint
585 5250 899 5331 Provincialem:
942 5251 1027 5348 ipso
1060 5249 1161 5326 lacto
1200 5248 1354 5343 electio,
1384 5262 1422 5327 et
1453 5250 1626 5348 provisio
1645 5250 1695 5328 de
1723 5251 1818 5332 Pro·

138 5364 308 5450 vinoiali
340 5366 392 5444 sit
417 5367 468 5442 ad
499 5368 727 5468 Magistrum
761 5364 927 5441 Ordinis
959 5364 1154 5441 devoluta.

200 5481 395 5559 Volumus
419 5490 562 5578 autem,
584 5481 691 5582 quod
718 5479 857 5557 electio
886 5479 1083 5581 praedicta
1109 5481 1218 5579 (quae
1249 5503 1325 5559 rron
1348 5482 1386 5555 iu
1420 5481 1507 5580 ipso
1527 5479 1705 5579 Capitulo
1725 5481 1819 5558 Pro·
