3990 6082
159 362 207 442 38
664 369 761 447 Dist.
785 370 837 448 ll.
860 370 915 448 Dc
934 370 1114 469 Capitale
1134 370 1325 450 Generole'.

224 515 462 595 Definitores
501 528 633 595 autem
664 517 833 618 Capituli
871 517 1086 611 Generalis,
1125 519 1334 597 Dominica
1372 519 1473 596 inira
1503 527 1662 598 octavas
1697 522 1838 599 Ascen-

172 629 298 708 sionis
316 631 491 725 Domini,
520 632 579 710 vel
610 632 783 712 Sabbato
808 633 1056 734 praecedenti
1074 633 1206 711 locum
1233 632 1402 733 Capituli
1426 635 1575 714 intrare
1600 643 1836 713 teneantur:

168 759 206 827 et
240 773 287 828 ex
315 761 408 829 tunc
430 750 470 827 in
495 750 626 828 Choro
651 758 689 829 et
715 751 807 828 alibi
836 752 1017 829 ordinate
1046 774 1113 830 sua
1141 753 1227 831 loca
1254 761 1425 849 teneant,
1451 774 1662 853 quousque
1688 763 1838 854 tempus

168 887 262 942 suae
279 864 522 943 definitionis
540 867 723 965 exspiret.
749 865 1009 945 Provinciales
1028 889 1187 968 quoque
1214 866 1400 961 absoluti,
1425 868 1509 945 loca
1537 868 1578 943 in
1608 866 1833 961 Provinciis,

166 979 207 1055 in
238 980 385 1079 quibus
416 981 680 1079 praefuerunt,
716 1003 988 1081 superomnes
1016 981 1114 1059 alios
1150 982 1300 1081 ubique
1329 981 1533 1060 habebunt
1549 1010 1561 1073 3
1592 991 1631 1060 et
1661 983 1838 1062 similiter

135 1104 138 1110 “
168 1114 301 1172 vocem
331 1095 371 1169 in
397 1096 585 1173 omnibns
608 1095 869 1174 electionibus
896 1096 1219 1191 Prouincialium,
1247 1106 1285 1174 et
1312 1095 1591 1191 Definitorum,
1625 1107 1665 1176 et
1693 1098 1837 1177 Electa

169 1229 256 1285 rum
278 1209 456 1309 Magistri
475 1209 640 1286 Ordinis
666 1239 674 1285 ε
696 1209 915 1290 dummodo
932 1211 1107 1309 Magistri
1127 1212 1166 1286 in
1188 1232 1296 1288 sacra
1315 1210 1526 1310 Fbcologia
1544 1232 1625 1289 non
1646 1212 1838 1312 Magistris

167 1343 214 1400 ex
248 1324 324 1401 boc
358 1325 522 1401 minime
549 1331 851 1424 postponantur,
873 1345 954 1402 nec¹
971 1326 1183 1403 actualium
1210 1325 1525 1403 Praesidentium
1550 1324 1652 1403 locis
1676 1327 1838 1404 minime

168 1437 389 1538 derogetur.
422 1439 618 1538 Magistris
651 1461 743 1516 vero
771 1442 812 1515 in
840 1462 948 1518 sacra
975 1440 1187 1538 Theologia
1218 1469 1225 1516 :
1257 1437 1487 1517 immediate
1519 1449 1612 1539 post
1648 1439 1836 1538 Priorem,

167 1553 207 1627 in
228 1555 339 1652 euius
360 1553 562 1632 Conventu
590 1554 746 1640 luerint,
768 1555 900 1632 locum
926 1554 1078 1631 damus.
1110 1554 1392 1650 Baccalaureis,
1423 1554 1492 1654 qui
1514 1552 1693 1655 legitime
1720 1556 1841 1635 incor-

167 1668 294 1767 porati
328 1668 369 1743 in
406 1668 667 1746 Universitate
701 1670 912 1748 sententias
955 1668 1186 1748 solemniter
1228 1669 1395 1768 legerint
1423 1678 1491 1746 aut
1533 1668 1671 1770 legunt
1707 1698 1716 1745 ε
1754 1680 1837 1771 post

166 1781 440 1882 Suppriorem,
466 1783 615 1883 ubique
643 1783 683 1859 in
712 1792 795 1861 toto
824 1782 975 1860 Ordine
1002 1784 1132 1861 locum
1160 1786 1314 1861 damus.
1672 1877 1677 1886 δ

210 1897 308 1974 llam
342 1897 383 1971 in
417 1898 559 1976 virtute
594 1898 766 1999 Spiritus
792 1899 916 1976 sancti
944 1908 983 1975 et
1017 1908 1174 1976 sanctae
1201 1897 1452 1976 obedientiae
1480 1898 1752 1998 praecipimus
1777 1898 1836 1974 fir·

167 2015 285 2093 miter
310 2014 510 2092 observari
528 2043 538 2108 ;
562 2038 611 2093 ne
638 2017 728 2117 quis
756 2039 917 2093 causam
954 2017 1217 2117 depositionis
1253 2017 1440 2117 Magistri,
1465 2016 1525 2094 vel
1562 2017 1717 2093 Prioris
1753 2017 1838 2095 Pro

167 2129 359 2226 vincialis,
396 2129 455 2208 vel
492 2152 629 2209 eorum
655 2153 872 2226 excessum,
896 2131 956 2210 vel
980 2132 1281 2226 correctionem,
1317 2131 1378 2208 vel
1414 2139 1611 2213 secretum
1650 2130 1830 2232 Capituli,

166 2265 234 2321 seu
270 2245 536 2322 dissensiones
582 2247 845 2325 Definitorum
889 2246 948 2324 vel
998 2247 1210 2340 Fratrum,
1249 2246 1354 2323 unde
1386 2245 1496 2324 Ordo
1533 2254 1670 2324 noster
1707 2246 1826 2345 possit

166 2359 315 2435 turbari
349 2360 404 2436 vel
444 2360 624 2437 infamari
647 2361 816 2439 :audeat
849 2362 1020 2439 scienter
1052 2361 1244 2438 extraneis
1273 2360 1489 2459 publicare.
1521 2361 1563 2439 Si
1592 2361 1686 2461 quis
1708 2371 1827 2437 autem

98 2477 103 2485 '
164 2495 211 2550 ex
229 2472 517 2552 deliberatione
536 2477 840 2573 contralecerit;
861 2487 1063 2577 tamquam
1084 2476 1459 2569 excommunicatus,
1485 2485 1525 2553 et
1548 2475 1826 2567 schismaticus,

155 2597 195 2665 et
223 2588 447 2668 destructor
479 2593 602 2669 nostri
638 2591 803 2669 Ordinis
836 2591 1052 2669 habeatur:
1083 2601 1134 2677 et,
1160 2612 1368 2691 quousque
1401 2590 1650 2686 satisfecerit,
1681 2612 1705 2668 a
1732 2610 1826 2668 com·

163 2705 352 2783 munione
383 2707 560 2783 omnium
597 2707 646 2784 sit
679 2707 837 2805 penitus
873 2707 1039 2802 alienus,
1072 2716 1110 2784 et
1133 2727 1283 2806 poenae
1308 2705 1481 2805 graviori
1512 2705 1656 2805 culpae
1683 2704 1824 2782 debitae

161 2817 391 2917 subjacebit.
434 2820 576 2897 Eadem
603 2821 853 2899 districtione
895 2822 1161 2921 praecipimus
1186 2819 1383 2919 :nequis
1411 2819 1533 2898 verbo
1563 2819 1627 2899 vel
1663 2820 1766 2898 lacto
1785 2817 1822 2895 ad

164 2932 398 3012 divisionem
435 2937 560 3013 nostri
590 2936 753 3014 Ordinis
788 2936 930 3014 audeat
953 2936 1143 3014 laborare.
1175 2937 1292 3034 Quod
1322 2936 1353 3012 si
1381 2934 1545 3014 lecerit:
1573 2956 1726 3034 poenae
1751 2934 1823 3012 sub

161 3049 289 3145 jaceat
304 3050 565 3150 supradictae.

214 3161 439 3260 statuimus,
476 3177 520 3242 ut
554 3164 587 3240 si
628 3163 668 3238 in
705 3183 808 3240 anno
847 3163 1093 3241 definitionis
1130 3162 1315 3241 Priorum
1351 3162 1661 3241 Prouincialium
1697 3161 1821 3239 electio

164 3278 341 3378 Magistri
370 3279 621 3376 celebratur;
651 3276 721 3355 illo
740 3298 848 3355 anno
875 3300 978 3355 unus
1005 3278 1054 3353 de
1078 3277 1282 3356 Fratribus
1310 3277 1561 3356 Electoribus
1587 3276 1639 3354 de
1664 3275 1823 3378 qualibet

165 3391 383 3491 Provincia,
405 3396 473 3495 qui
503 3396 544 3471 in
575 3392 810 3471 Provinciali
840 3389 1021 3491 Capitulo
1042 3392 1091 3469 ad
1119 3394 1195 3470 hoe
1220 3394 1367 3472 electus
1390 3392 1510 3470 luerit
1536 3422 1542 3469 :
1565 3392 1616 3468 ad
1642 3391 1821 3470 definitio·

162 3529 252 3583 nem
278 3531 367 3585 cum
395 3511 451 3588 eis
479 3510 624 3611 pariter
650 3509 895 3585 admittatur.
927 3507 1044 3602 Quod
1071 3508 1104 3584 si
1125 3508 1173 3583 ad
1196 3507 1424 3608 Capitulum
1452 3529 1532 3585 non
1554 3508 1719 3602 venerit,
1740 3516 1817 3583 tunc

148 3622 212 3698 ad
240 3622 509 3704 definitionem
530 3624 678 3701 elector
704 3622 805 3699 alius
831 3621 1073 3700 admittatur.
1092 3622 1133 3700 Si
1152 3645 1244 3701 vero
1263 3624 1303 3699 in
1325 3644 1430 3699 anno
1449 3618 1716 3700 Definitorum'
1733 3619 1816 3698 ccle-

163 3734 298 3815 bretur
318 3767 327 3830 ;
348 3752 443 3817 tunc
470 3762 560 3817 cum
588 3737 876 3816 Delinitcribus
903 3738 1059 3814 Priores
1088 3736 1353 3815 Provinciales
1381 3737 1647 3815 conveniant:
1668 3744 1816 3815 etutro

161 3873 329 3953 rumque
342 3854 520 3932 definitio
539 3853 589 3932 sit
607 3853 843 3931 communis.

210 3966 428 4047 Statuimus
461 3980 602 4059 autem,
641 3980 678 4046 et
712 3971 752 4043 in
781 3969 922 4047 virtute
955 3966 1128 4067 Spiritus
1161 3966 1286 4044 sancti
1310 3976 1348 4043 et
1376 3974 1532 4044 sanctae
1558 3965 1811 4059 obedientiae,

161 4092 201 4159 el
219 4084 292 4160 sub
310 4085 629 4164 interminatione
647 4084 905 4161 anathematis
926 4081 1184 4181 probibemus
1202 4081 1401 4159 districte:
1429 4102 1478 4156 ne
1500 4081 1657 4160 Priores
1677 4080 1816 4161 Provin·

162 4197 279 4275 ciales
300 4201 503 4279 Fratribus
529 4199 830 4294 Delinitcribus,
854 4199 914 4277 vel
944 4199 1098 4275 Fratres
1118 4195 1358 4274 Definilores
1378 4195 1585 4273 Prioribus
1610 4195 1816 4275 Provincia·

161 4311 281 4411 libus,
303 4339 482 4415 persnas
504 4315 756 4392 definitiones
789 4313 1074 4413 praejudicium
1107 4311 1271 4411 aliquod
1291 4311 1458 4388 audeant
1479 4333 1684 4411 generare.
1712 4307 1816 4409 Quod

161 4429 193 4505 si
220 4431 345 4509 lacere
372 4431 674 4511 attentaverint:
704 4428 841 4506 eadem
868 4427 1112 4505 districtione
1141 4428 1413 4527 prohibemus,
1443 4449 1492 4504 ne
1518 4428 1558 4503 in
1578 4427 1658 4506 hoc
1684 4426 1816 4530 aliquis

158 4561 382 4643 praesumat
400 4549 456 4624 eis
475 4545 650 4623 obedire.
686 4543 813 4620 Priori
841 4565 933 4620 vero
965 4543 1201 4621 Provinciali
1228 4544 1337 4620 eunti
1368 4542 1418 4618 ad
1447 4542 1677 4641 Capitulum
1707 4543 1818 4623 Gene-

157 4658 239 4737 rale
262 4691 269 4736 :
296 4662 410 4740 delur
438 4663 568 4738 socius
594 4684 616 4736 a
645 4659 925 4736 Delinitcribus
954 4657 1123 4758 Capituli
1154 4656 1423 4735 Provincialis.
1459 4658 1554 4752 Qui,
1587 4660 1620 4735 si
1650 4661 1814 4739 Priorem

156 4774 442 4853 Provincialem
482 4776 669 4876 impediri
698 4775 922 4872 contigerit,
950 4772 1058 4872 quod
1084 4772 1133 4848 ad
1163 4772 1391 4873 Capitulum
1416 4772 1608 4851 Generale
1646 4775 1687 4850 in
1724 4793 1817 4852 anno

155 4889 462 4968 Provincialium
492 4913 569 4969 non
598 4889 782 4966 accedat:
805 4890 892 4966 loco
919 4888 1045 4987 ipsius
1065 4910 1156 4964 cum
1185 4889 1390 4966 Prioribus
1418 4887 1735 4969 Provincialibus
1759 4886 1817 4966 ad·

154 5004 330 5083 mittatur
364 5006 412 5082 ad
448 5008 581 5084 omnia
614 5005 819 5082 tractanda
854 5015 893 5080 et
932 5002 1170 5078 delinienda.

202 5117 417 5199 statuimus
445 5123 621 5220 insuper,
651 5120 758 5219 quod
784 5140 923 5197 omnes
953 5117 1110 5194 Priores
1138 5116 1435 5211 Conventuales,
1462 5140 1552 5196 cum
1581 5120 1702 5198 sociis
1721 5120 1821 5212 suis,

151 5246 190 5311 et
219 5235 515 5314 Praedicatores
540 5233 753 5312 Generales
781 5234 887 5311 illius
916 5232 1159 5327 Provinciae,
1187 5234 1227 5309 in
1255 5256 1333 5334 qua
1360 5233 1553 5311 Generale
1596 5234 1822 5338 Capitulum

152 5349 400 5442 celebratur;
423 5352 491 5428 illo
527 5373 632 5427 anno
670 5350 827 5427 veniant
863 5349 914 5425 ad
949 5346 1177 5447 Capitulum
1213 5348 1405 5426 Generala
1428 5376 1435 5423 :
1457 5371 1530 5426 nec
1557 5350 1702 5429 eodem
1730 5374 1827 5430 anno

152 5462 191 5536 in
219 5462 285 5540 illa
315 5468 519 5544 Provincia
543 5465 592 5542 ad
619 5464 900 5541 celebrandum
930 5462 1039 5539 aliud
1066 5463 1293 5565 Capitulum
1322 5463 1567 5545 Provincialc
1598 5478 1820 5549 teneantur.
