3990 6082
167 375 275 481 232
823 371 1180 481 OCTOBER.

150 589 216 692 ‘B
470 586 697 692 Decimo
722 583 995 689 Kalendas
1019 584 1374 693 Novembris:
1405 586 1558 693 luna

167 763 1837 911 ubcdel'ghiklmnpqrstn

169 922 1842 1007 2345678trottntttttstttttttttt

170 1039 1836 1155 ABCDEFFGHMNP

167 1201 1819 1283 ctmutmtttorstoetrsstut

12 1363 72 1429 me
96 1364 151 1430 23·
167 1343 465 1569 Vrccnrm
488 1386 499 1458 :
523 1354 666 1457 beuti
695 1352 1080 1455 Bartholomaei
1107 1351 1177 1452 de
1201 1350 1486 1487 Bregintia
1512 1352 1767 1493 Episcopi
1785 1373 1828 1457 et

302 1497 639 1622 confessoris,
669 1494 894 1628 Ordinis
919 1496 1090 1598 sancti
1120 1486 1290 1599 Paitris
1315 1496 1622 1620 Dominici;
1652 1497 1821 1600 Nimo·

168 1641 334 1744 ciensi
359 1646 620 1782 primum,
644 1641 845 1746 deinde
878 1639 1224 1744 Vincentinue
1243 1638 1500 1745 Eccle‘siae
1525 1642 1817 1780 praepdsiti:

168 1802 337 1921 atque
357 1790 581 1929 insuper
604 1786 853 1923 Gregorii
876 1785 1037 1896 Noni.
1062 1785 1152 1886 cui
1174 1816 1204 1885 a
1224 1785 1464 1919 consiliis
1480 1784 1816 1922 scintillisque

166 1932 395 2034 summis
422 1928 803 2051 Pontificibus,
826 1962 1061 2033 necnon
1089 1926 1370 2033 Ludovico
1397 1927 1701 2034 Galliirum
1726 1931 1810 2065 regi

166 2075 241 2174 ob
267 2076 531 2210 insignem
559 2077 902 2181 sanctittitem
931 2092 985 2176 et
1010 2072 1221 2176 labdres
1246 2072 1314 2174 ad
1339 2072 1682 2180 Cathdlicurn
1719 2076 1807 2176 reli·

167 2219 386 2353 gionem
413 2220 861 2361 amplificdndam
886 2217 1260 2356 acceptissimi.
1281 2208 1499 2314 Festum
1521 2208 1742 2352 Duplex.
1763 2214 1805 2318 lu
1842 2234 1846 2245 '

169 2359 430 2502 Hispeinia
452 2354 623 2506 prope
643 2365 826 2471 Gades
845 2362 915 2464 ad
940 2361 1179 2463 fundum
1201 2358 1573 2466 Ursonitinum
1594 2392 1606 2466 ε
1628 2362 1806 2467 sancto

3 2559 7 2566 ·
166 2539 291 2608 rum
332 2512 637 2650 nnirtyrum
675 2504 936 2614 Servdndi
970 2524 1022 2610 et
1049 2505 1329 2610 Genntini.
1359 2505 1467 2629 Qui
1494 2506 1555 2608 in
1580 2540 1804 2647 persecu·

168 2651 317 2755 tione
357 2653 680 2759 Diocletitini
726 2654 831 2757 sub
875 2649 1104 2754 Viatdre
1163 2650 1363 2754 victirio
1414 2668 1537 2789 post
1592 2654 1800 2768 verbera,

165 2797 477 2930 squalorem
499 2800 743 2918 cumeris,
770 2798 925 2900 famis
947 2827 1010 2897 ac
1031 2795 1141 2897 sitis
1160 2795 1438 2932 injririam,
1466 2812 1520 2900 et
1540 2792 1801 2934 longissimi

164 2940 372 3044 itineris
398 2943 658 3063 laborem,
677 2976 845 3079 quem
870 2940 1011 3043 ferro
1037 2941 1217 3041 onusti
1249 2939 1631 3078 pertulerunt:
1655 2942 1800 3046 novis·

163 3085 298 3188 sime
320 3091 563 3230 martyrii
585 3091 670 3191 sui
697 3120 922 3190 cursum
949 3085 1098 3188 caesis
1125 3082 1428 3187 cervicibus
1445 3083 1798 3224 impleverunt.

165 3226 246 3330 Ex
272 3232 482 3366 quibus
507 3234 818 3338 Genminns
844 3229 1126 3333 Emeritae:
1148 3226 1458 3331 Servindus
1477 3262 1607 3332 vero
1628 3225 1814 3370 Hispali

163 3373 418 3479 penditus
437 3397 532 3481 est.
545 3368 857 3481 Antiochiae
878 3375 935 3473 in
955 3372 1124 3512 Syria,
1148 3374 1341 3476 natilis
1356 3369 1530 3476 sancti
1550 3368 1798 3480 Theodori

164 3515 482 3659 Presbyteri.
512 3520 623 3645 Qui
649 3523 704 3622 in
732 3515 1113 3660 persecutione
1150 3518 1302 3656 impii
1343 3514 1544 3619 Julitin'i
1585 3549 1800 3659 compre

161 3659 383 3783 hensus
408 3685 526 3804 post
568 3666 786 3804 eqmilei
829 3694 1062 3798 poenam,
1093 3678 1146 3762 et
1174 3661 1376 3763 multos
1411 3694 1476 3767 ac
1513 3662 1801 3769 durissimos

164 3809 458 3930 cruditus,
485 3808 832 3951 lampidibus
862 3806 1028 3909 etiam
1062 3805 1201 3907 circa
1243 3805 1409 3909 litera
1448 3807 1712 3946 appositis
1742 3809 1800 3908 in·

162 3949 490 4075 flammatus,
514 3957 720 4058 cumin
744 3948 1083 4057 confessidne
1102 3945 1304 4054 Christi
1313 3953 1635 4193 persisteret
1656 3983 1667 4056 :
1690 3948 1801 4056 oeci·

160 4093 313 4199 sidne
339 4096 502 4233 glridii
525 4098 851 4240 martyrium
872 4096 1291 4199 consumment.
1359 4094 1799 4238 cnstantindpoli:

159 4242 332 4342 sancti
371 4241 563 4379 ignitii
604 4241 878 4383 Episcopi.
907 4236 1020 4361 Qui
1046 4269 1176 4340 cum
1198 4234 1436 4340 Burdam
1459 4235 1729 4347 Caesarem
1749 4236 1804 4342 oh

25 4378 62 4434 ·’
161 4383 506 4519 repudiitam
553 4389 782 4493 uxdrem
818 4384 1082 4520 arguisset
1122 4413 1133 4484 :
1174 4383 1246 4485 ab
1282 4416 1347 4486 eo
1385 4383 1574 4489 multis
1616 4383 1806 4526 injtiriis

156 4524 405 4652 affectus,
432 4532 489 4633 iu
516 4534 762 4635 exsilium
791 4532 980 4672 pulsus
1006 4543 1101 4630 est.
1125 4524 1229 4629 Sed
1256 4562 1287 4628 a
1314 4525 1538 4631 Nicolrio
1575 4528 1806 4635 Roma‘no

160 4670 419 4778 Pontifice
440 4677 744 4782 restitutus:
771 4672 994 4779 taudem
1015 4671 1073 4770 in
1097 4704 1229 4809 pace
1249 4671 1477 4808 quierit.
1496 4666 1806 4815 Burdigalae:

156 4819 328 4920 sancti
355 4817 589 4924 Severini
617 4819 955 4926 Coloniensis
981 4812 1233 4955 Episcopi
1262 4835 1316 4919 et
1342 4816 1678 4923 consessdris.
1746 4834 1750 4841 ’
