3990 6082
521 393 619 475 out.
641 397 670 473 l.
693 396 747 474 Oe
766 394 946 490 Noultiis,
971 405 1159 474 eteorum
1181 394 1450 474 tutantium.
1775 399 1821 477 lt

144 557 275 626 strum
298 577 306 625 :
329 549 413 626 sine
440 547 599 627 licentia
622 545 798 648 Magistri
822 543 1000 640 Ordinis,
1023 544 1083 623 vel
1103 544 1272 645 Capituli
1301 543 1519 625 Generalis.
1539 543 1617 622 Nec
1642 545 1820 645 quicum·

143 686 226 764 que
246 664 452 765 illegitime
472 671 587 742 natus
609 690 617 737 :
639 662 716 739 nisi
739 661 789 739 de
815 660 964 738 Prioris
984 659 1241 739 Provincialis
1261 659 1418 739 licentia
1438 660 1609 761 speciali.
1631 660 1671 740 Si
1689 671 1820 740 autem
1854 760 1858 766 .

139 779 233 858 talis
268 780 473 883 illegitime
512 788 627 857 natus
654 777 705 855 ed
732 776 922 854 Ordinem
957 786 1138 877 receptus
1174 774 1305 872 luerit,
1336 787 1374 853 et
1396 776 1667 877 dispensatum
1705 777 1822 856 fuerit

140 917 236 973 cum
274 896 428 991 eodem,
460 894 567 996 quod
595 894 723 996 possit
750 893 832 970 fieri
865 893 1006 982 Prior;
1038 914 1117 969 non
1146 900 1308 992 propter
1334 891 1411 970 boc
1438 892 1633 971 Definitor
1659 895 1724 972 liat
1751 892 1821 972 Ca·

143 1012 265 1114 pituli
293 1010 506 1106 Generalis,
536 1024 603 1089 aut
636 1008 905 1101 provincialis,
938 1030 1008 1083 nec
1037 1007 1289 1087 Praedicator
1321 1007 1538 1105 Generalis,
1569 1030 1640 1086 nec
1668 1007 1824 1088 Elector

149 1129 327 1226 Magistri
356 1126 520 1205 Ordinis
549 1156 557 1203 :
587 1126 736 1227 absque
761 1123 933 1226 Magistri
962 1121 1127 1201 Ordinis
1154 1122 1310 1201 licentia
1337 1124 1512 1225 speciali.

203 1244 466 1324 Probibemus
492 1253 640 1339 autem,
668 1265 715 1320 ne
737 1241 882 1341 aliquis
909 1238 958 1316 de
986 1249 1116 1317 cetero
1142 1238 1314 1340 aliquam
1344 1241 1549 1318 mulierem
1578 1242 1737 1320 tondeat
1762 1241 1824 1320 vel

149 1362 290 1439 induat
311 1389 319 1435 :
337 1359 397 1438 vel
417 1361 467 1436 ad
488 1359 775 1459 professionem
802 1357 976 1454 recipiat.
1003 1356 1114 1432 Pueri
1142 1355 1244 1433 intra
1270 1357 1653 1457 quartumdecimum
1674 1380 1822 1437 annum

149 1487 326 1556 autnon
354 1476 623 1576 recipiantur;
653 1485 721 1552 aut
750 1473 783 1550 si
811 1473 850 1548 iu
882 1471 1083 1572 aliquibus
1118 1473 1387 1550 Conventibus
1413 1484 1592 1573 oporteat
1625 1496 1691 1552 eos
1717 1497 1822 1553 com·

151 1593 328 1671 maniter
354 1593 528 1692 recipere
556 1619 565 1666 ε
596 1590 837 1691 recipiantur
870 1588 919 1665 de
945 1609 1140 1665 consensu
1168 1588 1336 1688 Capituli
1373 1589 1596 1668 Conventus
1627 1614 1648 1668 3
1675 1591 1821 1686 Priore,

150 1723 192 1788 et
219 1731 297 1788 non
324 1708 433 1787 alias.
464 1707 541 1785 Nec
570 1707 730 1785 retineri
759 1705 914 1808 possint
941 1705 981 1780 in
1009 1704 1143 1802 aliquo
1178 1703 1393 1800 Conventa,
1424 1704 1492 1782 ubi
1521 1728 1598 1784 non
1628 1714 1686 1785 est
1712 1706 1823 1788 Novi-

150 1826 300 1903 tiorum
341 1823 535 1903 similium
575 1823 824 1925 congregatio
853 1842 943 1898 cum
977 1820 1141 1921 proprio
1176 1821 1434 1917 Dormitorio,
1463 1830 1501 1899 et
1525 1823 1741 1923 Magistro;
1771 1824 1825 1902 ita

151 1940 261 2041 quod
282 1940 379 2018 alibi
400 1963 479 2019 non
505 1940 758 2040 recipiantur,
786 1938 864 2015 nisi
888 1937 1019 2015 statim
1042 1936 1246 2014 mittantur
1264 1936 1315 2013 ad
1334 1937 1562 2036 hujusmodi
1586 1939 1822 2037 Conventus,

152 2059 194 2133 in
229 2057 376 2158 quibus
407 2056 701 2158 profitebuntur
735 2084 743 2131 :
783 2077 854 2154 pro
882 2051 1151 2130 Conveutibus
1183 2063 1325 2145 tamen,
1354 2054 1394 2128 in
1422 2053 1568 2154 quibus
1595 2069 1827 2157 receperunt

153 2172 352 2266 habitum,
377 2183 415 2253 et
440 2199 462 2252 a
490 2173 636 2275 quibus
669 2170 936 2250 Conventibus
962 2169 1012 2246 de
1038 2169 1283 2247 vestimentis
1308 2169 1507 2269 provideri
1534 2172 1590 2249 eis
1619 2171 1748 2252 debet.

270 2406 326 2484 Dc
342 2405 520 2494 Nouitiiu
542 2414 577 2481 et
596 2425 731 2481 corum
755 2403 1038 2480 instructione:
1089 2400 1469 2502 decimumquartum
1488 2404 1726 2505 Capitulum.

156 2659 164 2670 ·
227 2660 312 2714 aron
357 2636 522 2714 Novitiis
550 2635 776 2736 Magistrum
813 2632 1043 2736 diligentem
1071 2635 1111 2710 in
1140 2635 1400 2715 instructione
1429 2661 1565 2716 eorum
1600 2653 1826 2743 praeponat,

163 2659 225 2831 P
242 2756 310 2855 qui
330 2775 398 2832 eos
416 2753 465 2828 de
483 2750 635 2829 Ordine
654 2749 806 2866 doceat,
828 2751 968 2829 excitet
985 2752 1025 2826 in
1047 2749 1245 2829 Ecclesia:
1267 2762 1305 2830 et
1327 2753 1566 2856 ubicumque
1590 2758 1831 2859 negligenter

158 2896 201 2952 se
237 2873 474 2967 habuerint,
513 2871 632 2950 verbo
660 2872 719 2948 vel
755 2873 893 2973 signo,
924 2883 1113 2971 quantum
1141 2873 1299 2973 poterit,
1331 2897 1398 2952 eos
1425 2877 1578 2955 studeat
1604 2880 1824 2958 emendare.

160 2989 396 3086 Necessaria,
421 2998 540 3091 prout
566 2997 708 3088 potest,
729 2987 848 3066 debet
866 2988 923 3064 eis
944 3009 1156 3086 procurare
1176 3017 1186 3078 ;
1214 2987 1263 3066 de
1284 2991 1429 3088 apertis
1455 2993 1715 3094 negligentiis,
1738 3019 1828 3075 cum

159 3117 250 3185 ante
279 3129 368 3185 eum
396 3106 581 3207 petierint
607 3106 774 3199 veniam,
806 3104 1085 3202 poenitentiam
1114 3106 1209 3181 dare
1238 3133 1245 3179 :
1277 3105 1335 3182 vel
1370 3129 1436 3186 eos
1472 3110 1511 3184 in
1547 3133 1617 3189 suo
1649 3110 1829 3213 Capitulo

160 3222 417 3325 proclamare.
450 3221 722 3298 Humilitatem
763 3220 894 3297 cordis
932 3232 969 3296 et
1009 3221 1189 3319 corporis
1225 3221 1363 3299 doceat
1403 3246 1470 3302 eos
1510 3225 1656 3304 babere
1687 3257 1693 3302 :
1721 3229 1831 3326 juxta

160 3338 276 3432 illud,
307 3338 452 3416 Discite
480 3361 501 3414 a
529 3360 604 3433 me,
634 3338 726 3437 quia
755 3336 863 3412 mitis
889 3359 991 3430 sum,
1022 3346 1061 3413 et
1088 3336 1249 3414 humilis
1277 3339 1409 3415 corde.

210 3455 463 3552 Frequenter,
493 3476 603 3553 pure,
628 3464 667 3530 et
700 3453 867 3530 discrete
893 3452 1032 3529 doceat
1058 3475 1124 3530 eos
1152 3453 1359 3551 confiteri;
1388 3457 1471 3532 sine
1499 3459 1661 3558 proprio
1686 3462 1828 3558 vivere,

161 3570 364 3671 propriam
397 3569 639 3648 voluntatem
675 3571 868 3664 deserere,
900 3591 973 3670 pro
1003 3570 1062 3646 sui
1098 3569 1295 3647 voluntate
1333 3570 1493 3650 Praelati
1525 3575 1830 3655 :obedientiam

161 3687 202 3763 in
234 3687 421 3765 omnibus
448 3685 709 3765 voluntariam
737 3685 945 3764 observare
990 3686 1202 3782 Quomodo
1230 3686 1483 3788 ubicumque,
1514 3699 1553 3768 et
1579 3691 1619 3766 in
1649 3694 1836 3773 omnibus

162 3825 204 3880 se
223 3802 368 3879 babere
386 3803 566 3894 debeant,
591 3803 699 3902 ipsos
718 3801 837 3880 debet
855 3803 1049 3879 instruere
1072 3831 1079 3877 :
1099 3812 1138 3880 et
1157 3803 1261 3903 quod
1283 3803 1426 3899 locum,
1446 3805 1513 3882 ubi
1533 3808 1652 3908 positi
1675 3808 1836 3902 luerint,

160 3917 313 4019 ubique
336 3928 505 3997 teneant.
540 3918 753 4015 Quomodo
778 3917 855 3995 sibi
882 3917 991 3995 danti
1019 3917 1173 4018 aliquid
1201 3919 1260 3996 vel
1289 3919 1493 4017 auferenti,
1528 3924 1629 4001 male
1656 3925 1713 4002 vel
1739 3925 1838 4005 bene
1915 4018 1918 4023 g

161 4034 311 4112 dicenti
334 4064 341 4110 :
365 4033 556 4112 inclinare
582 4033 765 4113 debeant.
787 4034 1000 4131 Quomodo
1025 4056 1066 4110 se
1088 4032 1137 4109 ad
1157 4057 1332 4111 cameras
1358 4039 1613 4118 contineant:
1636 4051 1678 4117 ut
1702 4041 1838 4121 oculos

160 4149 354 4229 sublimes
380 4172 459 4228 non
489 4150 672 4227 babeant.
695 4148 907 4246 Quomodo
935 4159 974 4226 et
1000 4147 1094 4247 quid
1124 4159 1250 4243 orent,
1273 4160 1448 4250 olquam
1477 4153 1662 4233 silenter:
1686 4156 1838 4235 utaliis

160 4269 335 4369 rugitum
357 4288 435 4344 non
456 4266 611 4343 faciant.
635 4266 847 4363 Quomodo
867 4265 907 4339 in
926 4263 1099 4364 capitulo
1120 4265 1246 4358 venia,
1266 4265 1324 4342 vel
1346 4266 1587 4369 ubicumque
1608 4273 1836 4371 reprehensi

159 4386 345 4463 luerima
365 4381 559 4477 Praelato,
583 4383 634 4460 sit
650 4381 828 4460 iacienda
849 4412 856 4458 ε
879 4393 916 4460 et
933 4381 1040 4482 quod
1060 4382 1092 4459 si
1112 4383 1202 4482 quis
1221 4383 1393 4462 Fratrem
1420 4409 1535 4464 suum
1558 4389 1691 4489 aliquo
1718 4391 1838 4470 modo

159 4498 495 4592 scandalizaverit,
516 4498 671 4576 tamdiu
689 4509 779 4577 ante
798 4499 918 4599 pedes
935 4502 1019 4598 ejus
1036 4508 1257 4599 prostratus
1276 4503 1415 4599 jaceat,
1437 4526 1644 4605 quousque
1663 4506 1838 4606 placatus

158 4604 405 4717 erigateum.
1303 4618 1311 4638 '

210 4731 434 4812 lnstruendi
463 4742 554 4810 sunt
580 4732 698 4810 etiam
727 4729 884 4824 Novitii,
915 4741 957 4809 ut
990 4753 1081 4809 eum
1111 4733 1270 4810 nemine
1300 4735 1537 4814 contendere
1564 4751 1830 4840 praesumant,
1874 4738 1877 4742 ’

158 4861 198 4929 et
224 4850 263 4925 in
290 4849 474 4926 omnibus
493 4848 679 4948 Magistro
706 4869 777 4924 suo
805 4846 1022 4946 obediant3
1047 4848 1086 4923 in
1107 4847 1364 4927 Processione
1392 4852 1542 4930 socium
1571 4855 1648 4932 sibi
1674 4842 1830 4936 collate·

158 4967 281 5044 ralem
310 4965 527 5058 attendent,
557 4986 626 5039 nec
654 4963 866 5063 loquantur
894 4963 990 5040 loeis
1017 4971 1056 5041 et
1081 4965 1328 5064 temporibus
1354 4966 1601 5049 interdictis:
1633 4973 1829 5051 neminem

156 5083 318 5186 penitus
341 5083 546 5180 iudicent;
577 5079 644 5156 sed
668 5079 701 5156 si
721 5079 852 5179 aliqua
873 5078 923 5155 ab
951 5078 1033 5156 ullo
1060 5079 1144 5156 lieri
1172 5081 1342 5172 videant,
1363 5082 1453 5162 licet
1483 5087 1584 5163 mala
1611 5088 1829 5185 videantur,

155 5201 261 5279 bona
289 5199 549 5298 suspicentur,
579 5195 637 5273 vel
668 5196 772 5274 bona
807 5195 1029 5273 intentione
1062 5194 1160 5274 facta
1191 5224 1198 5271 :
1230 5220 1345 5297 saepe
1378 5201 1483 5276 enim
1512 5202 1729 5283 humanum
1758 5206 1832 5284 fal-

156 5317 255 5394 litur
276 5313 486 5412 iudicium.
517 5313 562 5391 Et
587 5312 693 5412 quod
723 5334 801 5390 non
831 5310 1043 5411 loquantur
1067 5311 1116 5388 de
1146 5311 1321 5410 absente,
1349 5317 1422 5391 nisi
1452 5340 1553 5418 quae
1580 5318 1680 5397 bona
1708 5331 1827 5401 sunt:

155 5429 390 5529 disciplinas
406 5429 631 5531 frequenter
651 5428 867 5528 suscipiant
885 5457 893 5514 ;
913 5449 1003 5503 cum
1021 5426 1175 5507 duabus
1194 5430 1376 5509 manibus
1395 5433 1548 5528 bibant,
1566 5444 1605 5514 et
1622 5438 1796 5518 sedendo
1818 5469 1825 5516 :

155 5551 370 5651 diligenter
395 5549 533 5641 librae,
558 5559 596 5625 et
625 5559 763 5641 vestes,
793 5555 831 5624 et
857 5566 920 5622 res
946 5545 1042 5621 alias
1069 5545 1299 5626 Monasterii
1327 5549 1563 5630 custodiant.
1587 5553 1633 5632 Et
1659 5555 1767 5656 quod
1797 5558 1829 5635 si
