3982 6084
780 363 1134 473 (retonuit.
1693 382 1794 488 231

375 584 685 699 Unde'cimo
711 590 983 696 Kalandas
1000 588 1327 693 Novembris
1348 622 1360 693 :
1383 590 1541 693 Luna
1747 593 1813 708 Ar

100 798 136 863 a
188 766 226 864 li
286 764 390 869 cd
452 799 490 899 e
550 764 741 897 lglr
806 763 819 861 i
885 762 1016 863 ,ki
1087 794 1137 857 in
1198 794 1230 855 n
1286 796 1322 894 p
1386 797 1421 895 q
1484 796 1590 860 rs
1675 782 1693 860 l
1752 798 1789 864 u

112 933 127 1008 Ι
193 930 217 1007 2
285 930 394 1007 34
461 931 484 1007 5
550 929 732 1007 678
796 928 819 1005 9
888 929 935 1006 to
990 930 1032 1005 ll
1088 927 1794 1011 '1213141516171819

107 1038 1791 1153 AsscoEFl‘cttnlur

107 1201 1794 1287 metastastesattssoaieses

210 1375 438 1481 onronu:
467 1344 608 1445 beati
643 1343 779 1445 Petri
807 1337 1027 1478 Caputii
1048 1374 1078 1440 a
1099 1337 1327 1442 'l'ise'rno
1352 1339 1673 1447 confessoris
1695 1341 1864 1456 Or-nt
1889 1395 1945 1456 22.

227 1488 375 1589 dinis
398 1489 583 1589 nostri.
607 1483 716 1607 Qui
732 1486 850 1620 jugi
872 1487 1062 1585 mortis
1084 1482 1441 1595 meditatidne
1466 1490 1702 1626 seipsum
1725 1489 1794 1590 ad

112 1635 359 1768 superna
381 1629 601 1734 direxit:
625 1630 881 1764 illiusque
905 1627 1294 1766 praedicatione
1317 1662 1426 1730 non
1453 1664 1657 1767 paucos
1678 1639 1798 1771 per-

113 1777 267 1879 ditos
303 1774 559 1886 homines
597 1773 662 1875 ad
699 1772 985 1912 'meliorem
1014 1771 1225 1906 frugem
1270 1771 1541 1908 perdrixit.
1573 1764 1794 1870 Festum

107 1912 350 2053 Duplex,
368 1914 432 2020 ln
454 1907 639 2057 Cypro
657 1919 858 2020 :sancti
883 1913 1177 2027 Hilarionis
1198 1915 1443 2034 abbatis,
1453 1918 1797 2053 cujusvitam

113 2064 616 2196 virtatilmsatque
636 2062 912 2162 miraculis
935 2063 1151 2197 plenam
1178 2079 1400 2163 sanctus
1420 2058 1798 2203 Hieronymus

23 2238 31 2247 ·
112 2209 351 2346 scripsit.
377 2203 533 2307 obiit
559 2203 893 2307 duodecimo
913 2203 1185 2307 liale'ndas
1212 2200 1486 2319 Octobris.
1508 2194 1788 2302 Memoria.

109 2345 543 2490 Hierosolymis:
576 2349 718 2451 beati
761 2347 930 2449 Marci
971 2346 1249 2485 Episcopi,
1293 2349 1569 2451 clarissimi
1604 2369 1658 2452 et
1693 2351 1798 2453 do·

113 2496 343 2599 ctissimi
371 2494 490 2595 viri.
514 2489 624 2613 Qui
653 2495 866 2631 primus
892 2525 954 2593 ex
981 2490 1260 2594 Gentibus
1286 2489 1793 2631 Hierosolymorum
1951 2564 1955 2569 ἢ

115 2638 423 2743 Ecclesiam
458 2639 704 2773 susce'pit
736 2634 1071 2771 regendam:
1102 2668 1305 2739 aenon.
1337 2638 1795 2775 multnipostsnb
1914 2637 1917 2644 ’

117 2777 451 2885 Hadriano*
479 2780 810 2914 imperatore
855 2780 1103 2917 martyrii
1125 2781 1346 2882 meruit
1383 2783 1647 2917 palmam·.;
1678 2772 1794 2903 Ha-
1824 2841 1949 2913 *Anus

116 2925 431 3063 drianopoli
470 2926 526 3025 in
567 2922 799 3025 Thracia
842 2953 853 3023 :
895 2924 1087 3025 natalis
1131 2924 1447 3027 sanctorum
1488 2927 1791 3064 martyrum
1808 2935 1917 3031 ΑΜ·

124 3071 361 3208 Philippi
383 3067 678 3207 Episcopi,
718 3063 898 3168 Seve'ri
942 3054 1264 3203 Presbyteri
1295 3065 1538 3181 Eusebii⁹
1565 3086 1618 3171 et
1656 3040 1901 3171 Her-⁰¹⁰⁰'

85 3296 99 3318 .
123 3216 299 3328 metis,
322 3215 420 3349 qui
440 3211 547 3313 sub
566 3210 786 3314 iuliano
807 3210 1071 3347 Apostata
1092 3231 1215 3347 post
1235 3213 1477 3332 carceres
1494 3231 1549 3316 et
1569 3212 1792 3351 flagella,

124 3356 386 3461 incendio
425 3354 650 3458 cremati
686 3373 832 3457 sunt.
861 3351 1018 3456 Oscae
1055 3355 1113 3453 in
1154 3351 1450 3493 Hispania:
1478 3360 1796 3465 sanctarum

127 3502 398 3645 virginum
415 3495 1797 3633 NunildnisetAlddiaesororum.()uaeaSaracanis
1873 3567 1877 3576 -

25 3742 30 3747 .
124 3649 199 3748 ob
225 3643 356 3762 fidei
383 3642 779 3747 confessionem
808 3643 1033 3780 capitali·
1051 3643 1318 3753 sententia
1357 3646 1607 3779 punitae:
1650 3680 1795 3747 niar-

130 3791 334 3928 tyrium
372 3789 846 3903 consummarunt.
871 3782 1044 3923 Apud
1068 3783 1359 3888 -Coldniam
1385 3819 1395 3887 :
1417 3806 1622 3894 sanctae
1658 3785 1795 3893 Cor-¹

127 3935 290 4037 dulae.
305 3928 444 4054 Quae
458 3958 569 4033 una
586 3965 650 4033 ex
669 3927 946 4033 sodalibus
965 3949 1166 4033 sauctae
1179 3927 1547 4049 ·Ursulae‚cum
1568 3934 1795 4039 aliarum

126 4078 412 4217 suppliciis
432 4094 485 4206 et
509 4073 658 4179 eaede
679 4074 966 4210 perterrita
986 4106 1041 4176 se
1061 4074 1385 4191 occultasset
1408 4105 1420 4195 ;
1447 4076 1563 4210 ejus
1590 4079 1666 4177 rei
1687 4110 1797 4214 poe-

130 4224 325 4340 uitem,
340 4218 599 4360 postridie
619 4252 673 4322 se
688 4217 840 4329 ‚ultro
861 4216 1138 4354 patefecit:
1161 4236 1216 4321 et
1237 4219 1522 4323 novissima
1543 4222 1802 4325 amnium-

131 4366 373 4505 martyrii
401 4363 660 4471 eoronam
687 4362 913 4498 acecpit.
934 4358 1216 4500 Hierapoli
1243 4365 1299 4464 in
1330 4362 1597 4503 Phrygia:
1622 4370 1793 4469 sancti
1924 4429 1929 4436 ·

128 4510 346 4623 Abercii
387 4506 790 4648 Episcopi-qui
816 4504 923 4621 sub
948 4503 1135 4608 Marco
1162 4503 1445 4627 Antonino
1466 4509 1794 4646 imperatore

128 4655 339 4785 claruit.
365 4650 759 4788 Hiernsolymis
788 4680 801 4749 :
826 4669 1030 4755 sanctae
1072 4648 1256 4759 Mariae
1300 4650 1541 4770 salome·
1570 4685 1698 4787 quae
1734 4654 1792 4757 in

96 4858 100 4863 ·
126 4798 422 4934 Evangelio
446 4796 646 4931 lagitur
664 4794 807 4921 circa
837 4792 1055 4899 Domini
1076 4797 1414 4932 sepulturam
1440 4796 1683 4913 sollicita.
1800 4802 1807 4814 '
