3990 6082
527 376 628 458 ooo.
648 379 702 458 ll.
723 378 780 457 Da
803 378 968 458 solemni
985 375 1235 464 celebratione
1256 378 1440 480 Capituli.
1773 384 1821 465 39

108 527 116 540 ’
154 533 204 621 Et
235 531 346 633 quod
379 531 485 609 idem
520 531 663 609 laniant
699 529 929 608 Provinciae
960 528 1235 630 propinquae:
1259 527 1491 607 lieentiandi
1530 536 1568 608 et
1602 529 1817 609 mandandi

152 648 341 749 Magister
357 645 525 725 Ordinis
541 645 709 722 liberam
730 646 870 724 babeat
882 644 1118 725 facultatem.

148 873 218 953 lle
252 872 483 951 solemni
527 871 897 957 celebratione
933 871 1184 969 Capituli
1215 898 1228 950 .·
1254 895 1445 956 nonum
1491 873 1813 974 Capitulum.

213 1120 390 1182 urrunnu
423 1096 614 1179 Generale
635 1125 643 1174 :
665 1104 855 1196 quantum
890 1095 939 1170 ad
968 1096 1239 1174 auctoritatem
1267 1097 1543 1193 Definitorum,
1572 1099 1735 1199 incipiat
1759 1123 1820 1181 ce

227 1211 376 1290 lebrari
402 1212 443 1287 in
475 1210 614 1312 Vigilia
644 1212 902 1289 Pentecostes.
933 1209 1033 1289 Cum
1059 1219 1190 1287 autem
1218 1211 1258 1285 in
1288 1211 1457 1290 secunda
1483 1213 1594 1291 Feria
1611 1224 1701 1312 post
1723 1214 1817 1291 Pen-

146 1336 336 1423 tecosten,
365 1326 424 1405 vel
451 1322 492 1403 in
520 1327 607 1426 ipso
634 1327 774 1404 eodem
805 1324 918 1418 festo,
952 1325 1104 1402 Fratres
1135 1325 1177 1400 in
1205 1324 1434 1426 Capitulum
1459 1328 1640 1405 venerint
1656 1357 1667 1419 ;
1686 1330 1816 1427 primo

148 1441 328 1523 omnium
370 1442 508 1521 devote
542 1442 744 1519 invocetur
773 1437 945 1541 Spiritus
979 1449 1147 1531 sanctus,
1181 1463 1202 1515 a
1238 1462 1318 1539 quo
1350 1438 1422 1515 tilii
1455 1441 1523 1519 Dei
1552 1452 1746 1542 aguntur:
1777 1456 1816 1522 et

147 1555 303 1635 dicatur
331 1555 471 1635 Versus
489 1555 631 1633 Emitte
656 1554 847 1654 Spiritum
871 1560 989 1645 tuum,
1012 1560 1096 1644 etc,
1128 1576 1218 1630 oum
1236 1553 1400 1633 collecta
1418 1554 1466 1632 de
1491 1556 1638 1656 Spiritu
1662 1568 1811 1637 sancto.

147 1671 302 1757 Deinde
333 1671 599 1759 residentibus
634 1669 850 1763 Fratribus,
880 1678 917 1747 et
940 1670 1024 1747 loca
1051 1691 1121 1746 sua
1140 1669 1365 1748 tenentibus
1392 1671 1578 1750 omnibus
1598 1701 1606 1749 :
1627 1682 1670 1750 ut
1694 1674 1814 1752 verbo

147 1784 223 1865 Dei
248 1786 348 1864 caeli
373 1786 592 1880 firmentur,
622 1784 784 1862 verbum
814 1783 886 1861 Dei
915 1783 955 1859 in
986 1803 1195 1859 commune
1223 1782 1302 1860 fiat.
1333 1782 1514 1862 Sermoni
1541 1796 1671 1865 autem
1699 1788 1814 1864 inter-

145 1922 233 1981 esse
260 1910 471 2002 poterunt:
493 1901 562 2002 qui
591 1899 641 1977 ad
657 1897 970 1979 aedificationem
989 1897 1178 1975 interesse
1196 1897 1407 1979 voluerint.

196 2016 329 2095 Finito
362 2038 557 2111 sermone,
590 2015 683 2116 quia
717 2010 988 2113 indigentibus
1022 2013 1257 2112 quantocius
1284 2014 1598 2095 subveniendum
1626 2027 1685 2097 est
1704 2045 1711 2094 :
1729 2017 1814 2096 obi-

146 2138 209 2209 tus
234 2131 412 2210 Fratrum
440 2141 528 2231 post
554 2128 793 2230 praecedens
821 2125 1047 2227 Capitulum
1075 2126 1351 2206 defunctorum
1370 2130 1411 2206 in
1429 2133 1630 2210 communi
1648 2133 1813 2213 reciten-

142 2253 222 2341 tur,
255 2255 294 2324 et
333 2246 399 2324 liat
432 2269 504 2347 pro
540 2246 597 2323 eis
632 2242 857 2321 communis
888 2241 1118 2333 absolutio;
1141 2254 1178 2320 et
1195 2243 1349 2321 dicatur
1368 2267 1440 2344 pro
1467 2247 1524 2324 eis
1552 2247 1731 2326 Psalmus
1756 2248 1813 2326 De
1933 2227 1941 2245 ’

140 2359 360 2460 molendis,
393 2360 512 2461 Kptie
537 2360 691 2452 eniam
720 2358 837 2436 Pater
865 2365 1004 2451 noster,
1031 2378 1119 2434 cum
1148 2357 1270 2436 Versu
1297 2359 1329 2434 A
1361 2370 1474 2458 porta
1499 2362 1627 2459 intui,
1658 2373 1812 2441 etcum

144 2473 339 2555 Oratione
373 2475 547 2554 Absolve.
587 2474 844 2553 Postmodum
879 2472 912 2548 si
944 2471 1097 2549 litterae
1125 2472 1314 2571 legendae
1341 2486 1444 2571 sunt,
1471 2477 1649 2577 legantur
1668 2507 1675 2553 :
1694 2489 1731 2557 et
1757 2481 1814 2556 eis

146 2612 221 2669 suo
254 2601 433 2691 tempore
460 2613 550 2670 cum
582 2589 748 2669 consilio
776 2586 1073 2685 respondeatur.
1105 2586 1291 2665 Perlectis
1309 2599 1438 2667 autem
1468 2591 1624 2687 litteris,
1654 2602 1692 2670 et
1717 2593 1816 2672 factu

146 2706 537 2785 recommendatione
563 2706 769 2783 vivorum:
801 2702 955 2781 dicutur
985 2701 1166 2779 Psalmus
1195 2703 1258 2779 Ad
1287 2713 1320 2780 te
1347 2704 1482 2796 boam,
1512 2706 1630 2807 Kprie
1658 2707 1812 2802 ennon,

146 2820 266 2901 Pater
286 2830 424 2913 noster,
459 2843 548 2899 cum
588 2820 707 2898 Versu
733 2819 868 2897 Salvos
893 2818 968 2915 lac,
1000 2826 1086 2908 etc,
1117 2830 1270 2895 etcum
1296 2817 1486 2898 Oratione
1514 2821 1738 2900 Praetende.
1770 2824 1817 2901 Et

145 2948 242 3019 tunc
268 2957 418 3032 omnes,
448 2936 515 3038 qui
543 2958 621 3014 non
649 2944 740 3013 sunt
764 2934 1016 3032 deCapitulo
1039 2935 1330 3035 :egrediantur
1360 2937 1512 3026 Quibus
1538 2940 1720 3040 egressis,
1745 2943 1814 3042 qui

145 3051 258 3140 missi
293 3058 384 3130 sunt
413 3052 463 3129 ad
491 3051 756 3130 excusandum
793 3071 874 3144 eos,
914 3049 982 3149 qui
1022 3071 1099 3126 non
1133 3049 1303 3150 adsunt,
1326 3051 1375 3127 ad
1408 3053 1506 3152 quid
1534 3054 1725 3150 venerint,
1754 3057 1811 3134 lo·

145 3177 346 3269 quantur:
369 3166 512 3247 deinde
530 3165 669 3267 culpae
688 3165 910 3244 audiantur.
959 3250 963 3258 ¹

186 3281 230 3362 Si
265 3283 332 3387 qui
367 3304 458 3361 uero
488 3283 573 3359 sine
610 3282 767 3359 licentia
789 3279 839 3356 ad
871 3278 1097 3378 Capitulum
1125 3280 1313 3357 Generale
1339 3280 1397 3360 vel
1435 3283 1676 3362 Provinciale
1700 3309 1813 3364 vene·

143 3398 260 3488 rint;
291 3398 420 3498 primo
459 3397 596 3497 culpae
623 3418 760 3475 eorum
796 3394 1009 3472 audiantur
1030 3424 1037 3470 ;
1060 3405 1097 3472 et
1130 3404 1285 3495 recepta
1320 3396 1598 3494 poenitentias
1630 3400 1812 3501 Capitulo

147 3513 418 3592 excludantur.
448 3514 498 3592 Ut
523 3522 654 3590 autem
684 3510 827 3589 modus
850 3511 889 3584 in
908 3509 1040 3587 eundo
1067 3519 1243 3586 servetur
1270 3509 1430 3597 :nullus
1456 3521 1566 3590 exeat
1587 3514 1672 3592 sine
1692 3515 1812 3594 licen·

144 3629 200 3704 tia
224 3638 263 3706 et
290 3629 533 3711 necessitate:
562 3629 750 3728 Egressus
777 3634 909 3703 autem
937 3647 1016 3702 non
1049 3624 1247 3703 discurrat
1276 3654 1283 3701 :
1313 3626 1383 3704 sed
1409 3626 1560 3726 expleta
1588 3632 1814 3711 necessitate

145 3742 262 3820 citius
303 3749 527 3821 revertatur.
567 3742 644 3838 Qui
680 3751 810 3820 autem
846 3741 886 3815 in
920 3740 1116 3839 praesenti
1151 3762 1258 3818 anno
1292 3740 1449 3818 visitare
1486 3741 1742 3841 debuerant,
1781 3762 1821 3830 et

147 3878 243 3953 non,
283 3858 383 3937 sicut
412 3858 603 3958 oportuit,
642 3857 845 3935 lecerunt:
868 3854 1028 3955 culpam
1063 3876 1173 3932 suam
1205 3854 1351 3952 dicant,
1385 3863 1422 3933 et
1450 3856 1592 3959 dignae
1616 3860 1811 3942 uindictae

145 3972 386 4072 subjaceant.
422 3975 532 4059 Tunc
567 3975 685 4052 etiam
724 3971 968 4065 absentibus,
1013 3970 1083 4071 qui
1116 3969 1253 4049 adesse
1286 3971 1520 4069 debuerant,
1551 3985 1590 4053 et
1625 3975 1701 4071 iis,
1740 3977 1809 4078 qui

145 4102 417 4195 peccaverunt,
439 4103 477 4172 et
497 4116 576 4172 non
597 4093 871 4172 satisfecerunt
892 4119 899 4165 :
920 4090 1163 4189 poenitentia
1184 4092 1328 4190 scripta
1347 4093 1539 4172 mittatur.

124 4208 128 4219 '
197 4207 418 4288 Conventus
453 4221 599 4305 autem,
632 4211 701 4310 qui
737 4209 859 4286 mittit
892 4206 1161 4285 accusationes
1200 4204 1250 4282 ad
1283 4204 1507 4305 Capitulum
1543 4210 1731 4289 Generale
1757 4213 1815 4289 rel

146 4324 422 4416 Provincial03
453 4326 599 4403 scribat
633 4345 844 4402 numerum
877 4331 914 4399 et
955 4319 1115 4398 nomina
1147 4321 1416 4399 accusantium
1449 4325 1589 4402 :etsi
1626 4337 1814 4404 accusant

143 4439 327 4534 derisu,
365 4441 423 4519 vel
455 4440 604 4519 auditu.
640 4439 847 4517 Accusatio
875 4445 1004 4514 autem
1029 4435 1148 4512 unius
1173 4442 1328 4514 tantum
1357 4437 1406 4513 ad
1438 4438 1661 4538 Capitulum
1688 4442 1811 4519 Gene-

144 4555 227 4635 rale
251 4555 310 4634 vel
338 4556 580 4635 Provinciale
608 4577 689 4634 non
717 4555 896 4633 mittatur
918 4581 925 4627 :
948 4560 985 4628 et
1010 4559 1195 4628 tractatus
1221 4574 1373 4649 eorum,
1398 4575 1498 4653 quae
1515 4554 1707 4633 mittenda
1725 4568 1816 4635 sunt

144 4671 197 4757 ad
231 4669 469 4771 Capitulum,
502 4670 605 4749 ultra
640 4692 758 4748 unam
799 4669 906 4745 diem
940 4688 1020 4745 non
1062 4665 1333 4769 prolongetur.
1371 4669 1449 4763 Qui
1489 4681 1622 4747 autem
1667 4670 1815 4749 babent

144 4787 274 4864 lacere
302 4786 484 4886 proprias
518 4786 784 4886 quaestiones,
823 4785 883 4861 vel
911 4803 1155 4878 communes,
1193 4781 1244 4860 ad
1279 4780 1471 4861 Ordinem
1515 4784 1575 4863 vel
1614 4784 1816 4886 praedica·

144 4902 295 4980 tionem
330 4901 600 5000 pertinentes3
632 4907 856 5001 proponant
885 4896 1088 4976 Fratribus
1115 4921 1136 4975 a
1171 4899 1359 5000 Magistro
1386 4912 1424 4980 et
1454 4902 1739 4981 Definitoribus
1768 4903 1816 4979 ad

146 5017 225 5097 hoc
253 5017 438 5095 statutis:
470 5022 513 5094 ut
540 5038 613 5116 pro
642 5016 730 5094 loco
757 5026 796 5095 et
825 5027 1001 5115 tempore
1029 5012 1230 5093 solvantur
1266 5026 1304 5093 et
1337 5017 1611 5096 terminentur.

191 5131 230 5211 Si
267 5154 343 5233 qua
380 5152 472 5209 vero
503 5131 699 5209 dissensio
731 5132 835 5209 inter
870 5131 1023 5208 Fratres
1052 5130 1177 5207 nostri
1205 5129 1383 5228 Ordinis,
1413 5135 1521 5234 quod
1548 5132 1664 5227 absit,
1693 5154 1816 5211 emer·

145 5247 247 5327 serit
269 5245 318 5324 de
337 5246 452 5322 libris
470 5246 529 5323 vel
550 5246 599 5324 de
614 5246 705 5324 aliis
728 5269 847 5325 :oum
866 5245 1146 5348 praeponenda
1173 5247 1252 5325 sint
1277 5249 1496 5349 spiritualia
1515 5247 1815 5351 temporalibus,

144 5384 227 5442 non
256 5361 348 5438 inde
369 5370 505 5460 agatur
528 5363 567 5437 in
596 5361 811 5462 Capitulo;
841 5363 910 5441 sed
940 5361 1033 5440 dicti
1064 5360 1218 5443 Fratres
1244 5373 1351 5440 extra
1371 5362 1611 5464 Capitulum,
1640 5362 1818 5441 discussa

141 5479 310 5562 veritate
341 5475 627 5555 dissensionem
662 5477 882 5557 dirimant:
915 5489 952 5556 et
994 5480 1097 5557 inter
1133 5476 1288 5557 Fratres
1331 5499 1468 5579 pacem
1502 5478 1722 5587 restituant.
1758 5476 1819 5559 De

1688 5626 1927 5728 Α
