3990 6082
506 357 602 435 Diat.
630 358 661 434 l.
692 358 746 435 Oe
768 356 1012 439 Groui-vatum
1045 360 1181 459 Culpa,
1213 364 1253 439 et'
1275 358 1482 460 Apostotie.

171 617 173 621 ⁴
262 622 328 699 ne
372 622 695 703 Gravissima
730 628 918 726 culpe:
953 629 1393 706 decimumnonum
1421 627 1733 729 Capitulum.

162 852 422 1032 Gravissima
451 838 567 939 culpa
596 850 687 919 est:
728 842 1058 944 incorrigibilitas
1085 843 1202 937 illins,
1236 845 1304 945 qui
1340 867 1412 922 nee
1440 842 1579 942 culpas
1616 841 1732 920 timet
1764 841 1822 920 ad·

252 955 421 1050 mittere,
443 964 483 1034 et
510 979 659 1057 poenas
688 968 840 1038 recusat
865 959 968 1037 ferre
993 987 1000 1034 :
1030 959 1087 1037 vel
1119 982 1166 1037 ex
1192 983 1328 1038 earum
1356 958 1705 1060 saepius-repetita
1728 956 1823 1036 inlli-

160 1068 304 1164 ctione,
335 1071 487 1170 Jndicio
515 1073 778 1153 discretorum
809 1074 1062 1175 cognoscitur
1089 1097 1167 1153 non
1196 1076 1399 1177 prolicere.
1430 1074 1537 1153 'lalis
1573 1072 1624 1151 de
1668 1073 1823 1153 consilio

159 1183 421 1263 discretorum
451 1188 638 1266 carcerali
665 1189 867 1269 custodiae
895 1191 1144 1292 mancipetur
1160 1221 1171 1283 ;
1201 1203 1241 1269 et
1267 1192 1414 1270 ibidem
1444 1189 1666 1269 secundum
1684 1189 1825 1292 exigen-

159 1300 253 1377 tiam
281 1301 501 1402 culparum,
520 1308 629 1405 juxta
655 1306 938 1385 discretionem
963 1306 1145 1403 Praelati,
1164 1309 1325 1407 jeJ'uniis
1351 1321 1391 1386 et
1417 1307 1672 1386 abstinentiis
1699 1306 1823 1407 punia-

160 1424 252 1493 tur:
283 1416 341 1495 vel
369 1420 585 1498 secundum
615 1420 801 1522 Regulam
831 1423 955 1499 saneti
992 1423 1117 1501 Patris
1144 1424 1270 1502 nostri
1288 1424 1493 1525 Augustini
1512 1423 1555 1521 lsi
1578 1423 1706 1524 magis
1723 1445 1822 1523 expe

159 1531 273 1611 diens
296 1534 508 1632 jndicatur)
533 1559 603 1637 per
631 1538 861 1636 Magistrum
889 1538 1068 1634 Ordinis,
1091 1539 1149 1617 vel
1178 1539 1403 1640 Capitulum
1431 1537 1625 1619 Generale
1653 1546 1722 1617 aut
1741 1539 1822 1617 Pro·

160 1648 324 1726 vinciale
351 1661 488 1730 exutus
513 1651 648 1731 babitu
676 1652 854 1748 Ordinis,
874 1653 924 1731 de
952 1662 1089 1732 nostro
1116 1654 1269 1733 Ordine
1296 1654 1528 1756 expellatur.
1555 1653 1678 1751 Quod
1703 1663 1821 1732 mmen

162 1773 312 1842 mature
333 1767 420 1856 tiat;
442 1767 550 1846 itant
563 1780 778 1870 appareant
792 1780 898 1867 gesta
913 1792 1001 1847 cum
1018 1781 1101 1849 toto
1115 1793 1314 1870 processu,
1328 1781 1366 1849 et
1385 1769 1577 1848 sententia
1596 1770 1638 1845 in
1659 1768 1821 1869 seriptis,

157 1890 311 1958 etcum
338 1881 483 1962 debitis
511 1885 873 1986 subscriptionibus
901 1899 939 1964 et
970 1885 1138 1986 sigillis:
1169 1898 1207 1964 et
1235 1886 1311 1965 lroe
1336 1885 1369 1963 si
1396 1885 1486 1964 talis
1505 1885 1593 1964 sani
1616 1884 1770 1985 eapitis,
1789 1896 1823 1962 et

157 1995 298 2095 integri
328 2021 465 2077 sensus
493 2024 618 2101 usque
651 2003 700 2079 ad
728 2001 836 2079 illam
868 2004 1004 2080 boram
1034 2004 1229 2082 exstitisse
1246 2003 1509 2103 cognoscitur.
1531 1999 1673 2079 Nullus
1699 2009 1820 2079 autem

156 2133 245 2187 eum
271 2112 408 2192 babitu
429 2114 606 2207 Ordinis,
633 2116 686 2195 ob
712 2141 1005 2218 quamcumque
1037 2143 1194 2196 causam
1222 2118 1469 2196 criminalem
1490 2136 1601 2195 asna
1623 2115 1821 2195 Provincia

158 2228 244 2326 ejici
288 2232 415 2328 possit
461 2232 711 2330 simpliciter,
745 2233 805 2311 vel
836 2235 887 2310 ad
917 2245 1101 2334 tempus:
1140 2235 1216 2313 nisi
1254 2257 1275 2311 a
1315 2234 1503 2335 Magistro
1539 2232 1732 2326 Ordinis,
1768 2228 1821 2307 vel

160 2345 342 2422 Generali
386 2347 584 2447 Capitulo.
620 2348 660 2426 Si
690 2349 813 2449 aliqui
856 2360 960 2446 sunt,
996 2350 1064 2450 qui
1093 2349 1246 2451 judicio
1288 2350 1552 2427 discretorum
1594 2348 1682 2426 sine
1723 2345 1819 2449 gravi

158 2461 332 2559 periculo
360 2464 420 2541 vel
448 2464 635 2544 seandalo
661 2466 700 2541 in
727 2466 929 2544 communi
965 2464 1124 2544 tolerari
1152 2487 1232 2544 non
1260 2465 1442 2566 possint:
1472 2464 1514 2540 in
1541 2485 1742 2543 carcerem
1768 2485 1819 2539 re·

155 2575 377 2658 eludantur.

320 2820 323 2826 ’
456 2814 516 2890 Oe
546 2814 812 2912 Apostote'e
839 2840 851 2891 .·
881 2815 1189 2915 vigesimum
1217 2813 1525 2912 Capitulum.

233 3064 407 3127 ureuxeuc
441 3046 732 3144 apostataverit,
769 3048 856 3146 ipso
887 3047 987 3126 facto
1014 3047 1065 3124 sit
1088 3043 1480 3123 excommunicatus:
1517 3064 1638 3142 quam
1675 3052 1819 3120 senten·

171 3238 180 3249 ,
246 3156 340 3234 tiam
370 3158 530 3236 ferimus
552 3182 598 3236 ex
627 3182 731 3237 nune
759 3163 956 3263 praesenti
985 3170 1142 3240 statuto.
1167 3160 1208 3238 si
1236 3182 1328 3238 vero
1348 3158 1533 3236 misertus
1552 3158 1613 3235 sui
1639 3156 1817 3234 redierit:

154 3273 343 3373 depositis
371 3273 410 3348 in
437 3275 606 3353 claustro
638 3277 824 3374 vestibus,
858 3277 989 3355 nudus
1018 3299 1108 3354 cum
1134 3277 1253 3376 virgis
1282 3277 1322 3351 in
1350 3273 1580 3376 Capitulum
1609 3274 1740 3352 veniat
1758 3301 1768 3364 ;
1787 3282 1821 3350 et

153 3399 374 3488 prostratus
407 3390 566 3491 eulpam
600 3415 713 3471 suam
747 3393 868 3491 dieat,
900 3406 936 3471 et
964 3392 1195 3471 humiliatus
1222 3392 1376 3469 veniam
1407 3401 1542 3492 petat:
1573 3398 1612 3468 et
1637 3388 1818 3489 quamdiu

155 3504 332 3583 Praelato
352 3506 558 3605 placuerit,
579 3530 728 3609 poenae
752 3511 943 3609 gravioris
961 3507 1099 3609 culpae
1122 3506 1353 3606 subjacebit,
1374 3517 1412 3584 et
1430 3507 1471 3582 in
1491 3504 1680 3607 Capitulo
1700 3503 1819 3583 nudus

152 3643 193 3697 se
219 3621 499 3722 praesentabit,
529 3625 651 3702 semel
678 3626 717 3701 in
748 3625 915 3726 singulis
942 3625 1188 3726 septimanis.

205 3735 308 3814 lutra
337 3737 411 3815 boe
434 3746 591 3839 tempus
623 3742 903 3841 poenitentiae,
935 3742 1082 3842 ubique
1119 3742 1159 3817 in
1195 3739 1401 3819 Conventu
1442 3738 1684 3816 novissimus
1721 3737 1814 3815 erit:

155 3856 193 3926 et
213 3850 371 3931 dnobus
399 3853 540 3931 diebus
569 3855 609 3930 iu
637 3855 814 3957 qualibet
842 3857 1060 3959 septimana
1090 3878 1333 3957 perannum
1361 3856 1401 3931 iu
1429 3867 1529 3953 pane
1556 3862 1595 3931 et
1616 3875 1719 3955 aqua
1732 3855 1816 3953 jeju·

159 3969 280 4048 nabit.
303 3971 348 4049 Et
373 3982 529 4072 peracta
556 3975 797 4074 poenitentia
824 3975 874 4051 ad
901 3974 1074 4074 priorem
1087 3975 1232 4059 ‚locum
1266 3995 1343 4050 non
1370 3971 1528 4051 redeat:
1558 3973 1639 4051 nisi
1663 3996 1734 4075 per
1749 3973 1815 4051 lla·

157 4086 322 4186 gistrum
358 4086 539 4183 Ordinis,
561 4089 620 4167 vel
649 4113 719 4190 per
746 4090 984 4169 Definitores
1016 4090 1189 4192 Capituli
1223 4088 1426 4167 Generalis
1457 4087 1518 4165 vel
1555 4086 1812 4179 Provincialis,

157 4224 247 4279 cum
270 4225 316 4281 eo
345 4201 462 4281 luerit
490 4203 777 4304 dispensatum.
804 4206 915 4302 Quae
941 4206 1184 4307 dispensatio
1223 4227 1303 4282 non
1338 4204 1405 4282 fiat
1439 4225 1510 4303 per
1543 4202 1707 4283 eosdem
1737 4210 1813 4280 ante

155 4327 235 4394 tres
271 4340 398 4397 anuos
433 4320 482 4397 ad
519 4322 676 4412 minus;
702 4321 754 4399 ita
788 4334 932 4417 tamen,
962 4322 1069 4422 quod
1097 4323 1203 4417 anni,
1226 4320 1373 4422 quibus
1399 4317 1517 4398 luerit
1547 4320 1587 4396 in
1616 4318 1811 4420 apostasia,

157 4455 234 4512 non
263 4447 543 4536 computentur
571 4437 606 4514 ei
635 4437 764 4538 quoad
793 4439 954 4516 locum:
981 4437 1047 4515 sed
1077 4438 1129 4514 sit
1154 4436 1227 4514 sub
1257 4435 1337 4512 illis
1363 4434 1563 4529 omnibns,
1585 4436 1656 4536 qui
1686 4434 1813 4512 babent

156 4548 289 4650 plures
325 4575 451 4629 annos
486 4553 526 4628 in
563 4553 729 4649 Ordine,
767 4576 885 4654 quam
921 4555 1006 4654 ipse
1041 4552 1236 4648 habuerit,
1272 4549 1435 4652 quando
1470 4549 1602 4629 exivit.
1641 4549 1756 4650 Quod
1786 4545 1811 4623 si

154 4666 328 4744 secundo
364 4668 518 4767 l'ugerit,
550 4679 588 4746 et
616 4669 757 4746 iterum
786 4668 950 4747 redierit
966 4697 977 4760 ;
1009 4667 1238 4769 supradicto
1266 4666 1384 4745 modo
1412 4667 1625 4767 poeniteat,
1647 4679 1685 4746 et
1703 4659 1811 4767 priori

153 4803 258 4859 anno
295 4783 490 4862 secundus
526 4805 653 4862 annus
686 4784 882 4863 addatur:
919 4785 952 4862 si
986 4786 1117 4880 tertio,
1155 4786 1308 4877 tertius,
1344 4783 1378 4860 si
1418 4791 1575 4885 quarto,
1611 4790 1784 4883 quartus.

201 4895 400 4975 Omnibus
437 4908 568 4977 tamen
607 4899 806 4977 Fratribus
836 4923 909 5000 pro
943 4898 1171 5001 hujusmodi
1212 4898 1508 4997 poenitentibus
1546 4898 1750 4978 humiliter
1779 4896 1809 4971 in

152 5014 335 5114 Capitulo
362 5014 697 5114 deprecantibus:
731 5015 930 5095 Praelatus
958 5039 1048 5094 cum
1079 5037 1218 5093 eorum
1254 5013 1537 5113 poenitentiam
1567 5013 1808 5114 perspexerit,

152 5131 210 5207 eis
229 5129 434 5230 indulgere
452 5130 509 5208 vel
541 5131 742 5210 remittere
772 5133 930 5230 poterit,
954 5131 1172 5210 seeundum
1204 5129 1313 5231 quod
1335 5152 1428 5207 suae
1446 5128 1677 5208 discretioni
1697 5129 1810 5208 visum

154 5247 281 5338 fuerit,
317 5248 375 5322 vel
408 5246 610 5346 placitum.
645 5249 854 5347 Apostatae
889 5248 1007 5327 unius
1037 5247 1260 5325 Conventus
1289 5266 1368 5322 nou
1388 5244 1811 5344 recipianturaPriore

152 5361 314 5439 alterius
342 5361 565 5441 Conventus
596 5363 647 5438 ad
680 5361 872 5440 Ordinem
905 5366 944 5439 in
978 5363 1115 5441 eadem
1145 5360 1364 5457 Provincia,
1387 5358 1648 5439 sinelieentia
1674 5357 1812 5440 Prioria

153 5477 411 5556 Provincialis
452 5508 458 5556 :
497 5501 568 5555 nee
602 5487 802 5581 apostatae
845 5480 1010 5557 aliarum
1049 5476 1343 5573 Provinciarum
1376 5475 1617 5576 recipiantur
1663 5476 1704 5554 in
1734 5473 1811 5554 aliis
