3990 6082
161 373 210 454 31
523 378 620 455 litet.
641 379 693 456 ll.
716 373 1067 475 cccccccccc.
1093 380 1186 479 Cap.
1210 384 1301 463 Gerr.
1322 396 1358 462 et
1372 382 1486 462 Prev.

162 547 253 603 vero
281 524 459 614 Ordinis,
488 527 517 602 si
548 528 587 602 in
618 528 693 606 boc
722 528 986 624 excesserit,a
1013 529 1298 610 Delinitoribus
1324 531 1528 610 Generalis
1556 533 1732 636 Capituli
1755 561 1826 618 661-

162 641 311 740 rigatur
332 671 339 717 :
362 649 400 719 et
422 643 454 718 si
474 642 681 721 obstinate.
694 645 896 732 restiterit,
917 643 1151 743 deponatur.

327 870 382 948 De
408 871 587 949 electione
615 874 867 969 Definimrem
896 873 1069 971 Capitoli
1095 872 1294 953 Generalis
1319 885 1355 952 ct
1378 877 1676 957 Provincialis:

778 989 957 1086 quintum
984 986 1219 1086 Capitulum.

163 1232 407 1414 Sacrorum,
431 1217 539 1316 quod
567 1215 733 1314 singulis
759 1217 874 1293 annis
900 1216 939 1291 in
958 1218 1124 1318 singulis
1144 1218 1336 1319 Capitulis
1360 1223 1678 1306 Provincialibus
1698 1227 1823 1328 Hispa-

247 1334 358 1426 niae,
388 1330 627 1423 Tolosanae,
665 1330 877 1424 Franciae,
911 1329 1045 1410 Sancti
1080 1333 1307 1430 Dominici,
1344 1337 1546 1417 Romanae
1574 1341 1823 1438 Provinciae,

164 1448 285 1547 Regni
309 1447 479 1540 Siciliae,
503 1445 736 1543 Hungariae,
758 1444 1014 1539 Tbeutoniae,
1040 1447 1823 1551 16111166,Ρο166166,1)66166,(11666166,

162 1564 304 1640 Terrae
331 1563 506 1655 Sanctae,
536 1560 764 1661 dragoniae,
798 1561 1020 1655 bohemiae,
1052 1562 1292 1659 Provinciae,
1323 1565 1595 1664 lombardiae,
1626 1570 1823 1664 Saxoniae,

162 1678 404 1769 Dalmatiae,
440 1676 678 1768 Trinacriae,
710 1673 985 1777 Porlugalliae,
1028 1673 1196 1771 Scotiae,
1229 1678 1418 1776 Baeticae,
1466 1682 1702 1763 Germaniae
1735 1682 1827 1760 inie-

160 1794 292 1888 rioris,
315 1791 445 1871 Sancti
467 1790 653 1883 Fbomae,
676 1788 893 1883 Calabriae,
919 1788 1083 1867 Sanctae
1103 1791 1255 1888 Crucis,
1280 1793 1506 1892 Hiberniae,
1527 1796 1664 1876 Sancti
1682 1798 1823 1882 Jacobi.

160 1908 293 1995 Sancti
328 1906 490 1984 loannis
532 1903 743 2003 baptistae,
776 1903 908 1981 Sancti
937 1903 1145 1998 Vincentii,
1171 1906 1303 1984 Sancti
1329 1909 1519 1987 Antonini
1547 1920 1640 2009 etc,
1668 1919 1827 2013 quatuor

162 2024 316 2100 Fratres
344 2020 392 2098 (16
420 2018 716 2097 discretioribus
741 2026 779 2095 et
806 2018 931 2118 magis
959 2017 1112 2096 idoneis
1138 2042 1159 2095 6
1185 2022 1418 2100 Provinciali
1446 2024 1631 2124 Capitulo
1659 2050 1729 2127 per
1753 2025 1826 2104 dis·

164 2137 418 2238 quisitionem
448 2134 595 2211 1116116
624 2133 892 2227 Provincialis,
916 2131 976 2209 vel
996 2136 1080 2231 ejus
1103 2134 1263 2232 Vicarii,
1285 2146 1323 2214 61
1347 2138 1509 2234 Prioris,
1538 2147 1577 2218 et
1603 2140 1825 2241 supprioris

164 2251 339 2350 eiusdem
366 2250 457 2346 loci,
486 2249 554 2328 ubi
582 2247 805 2347 Capitulum
830 2246 1050 2324 celebratur
1070 2279 1078 2320 z
1101 2250 1161 2326 vel
1188 2251 1221 2328 si
1248 2274 1350 2330 unus
1377 2252 1556 2348 deluerit,
1586 2277 1660 2356 per
1686 2255 1825 2355 disqui-

163 2370 346 2445 sitionem
372 2366 567 2452 duorum;
590 2363 697 2463 quod
721 2361 753 2439 61
773 2361 853 2440 166
878 2360 1087 2458 defuerint,
1110 2365 1195 2443 loco
1222 2366 1398 2465 ipsorum
1421 2391 1492 2467 per
1508 2368 1821 2469 disquisitionem

162 2486 332 2563 duorum
370 2479 640 2581 antiquiorum
680 2477 720 2552 in
754 2477 905 2553 Ordine
943 2480 1209 2576 praesentium
1254 2481 1294 2555 in
1335 2481 1515 2583 Capitulo
1555 2512 1564 2558 ε
1599 2483 1677 2562 boc
1712 2484 1820 2562 modo

160 2601 366 2703 eligantur.

213 2715 407 2794 Praedicti
434 2710 631 2813 siquidem
659 2719 752 2804 1166,
782 2709 841 2785 vel
867 2709 960 2805 duo,
994 2711 1027 2787 si
1057 2711 1195 2788 tertius
1229 2711 1396 2789 deluerit
1411 2740 1422 2803 3
1452 2712 1675 2793 voluntates
1701 2715 1818 2814 singu·

162 2833 292 2910 lorum
321 2829 536 2930 sigillatim,
566 2833 603 2904 61
630 2825 797 2903 seorsim
833 2823 1120 2924 aliquantulum
1150 2827 1190 2900 in
1222 2826 1360 2903 eadem
1393 2826 1514 2905 domo
1542 2850 1679 2907 coram
1706 2828 1817 2907 oculis

162 2946 343 3023 omnium
367 2941 617 3041 disquirant:
651 2947 690 3015 et
715 2937 967 3015 conscribant
993 2937 1171 3015 fideliter.
1199 2939 1353 3017 Deinde
1380 2940 1644 3021 incontinenti
1676 2944 1717 3019 in
1743 2942 1815 3020 1666

161 3061 314 3149 661616,
343 3065 551 3157 antequam
580 3055 734 3130 Fratres
759 3052 977 3147 discedant,
1002 3062 1040 3130 et
1066 3053 1114 3129 ad
1143 3053 1310 3131 invicem
1335 3054 1644 3155 colloquantur:
1666 3059 1814 3156 scriplu-

162 3199 245 3253 ram
269 3174 472 3276 publicent
500 3174 539 3246 in
569 3168 757 3255 medium,
789 3169 981 3266 expressis
1020 3168 1248 3245 nominibus
1276 3168 1505 3270 eligentium
1534 3181 1574 3249 et
1597 3172 1810 3250 electorum.

160 3290 273 3368 Elin
301 3289 446 3389 quibus
472 3286 604 3386 plures
631 3281 953 3360 concordaverint
983 3312 991 3359 ε
1025 3282 1082 3358 1111
1111 3305 1182 3381 pro
1209 3282 1494 3362 Definitoribus
1529 3286 1756 3366 habeantur.
1781 3284 1811 3362 Si

158 3415 288 3483 autem
328 3414 458 3504 partes
501 3399 647 3478 luerint
685 3398 893 3497 aequales;
934 3406 1026 3474 tunc
1063 3399 1201 3475 eodem
1240 3396 1360 3475 modo
1401 3422 1470 3498 per
1505 3399 1808 3501 disquisitionem

159 3520 419 3611 voluntatum,
441 3539 542 3594 unus
569 3513 618 3590 (16
646 3511 859 3607 Fratribus,
888 3513 955 3612 qui
983 3535 1116 3591 vocem
1144 3513 1186 3587 in
1213 3513 1413 3612 praedicta
1439 3512 1633 3593 electione
1658 3537 1734 3594 non
1759 3514 1808 3590 ba·

159 3634 304 3729 buerit,
324 3633 488 3735 eligatur
508 3660 515 3706 :
538 3636 576 3707 et
593 3629 655 3706 cui
683 3626 785 3726 parti
812 3625 879 3704 ille
906 3627 1163 3723 consenserit,
1185 3627 1242 3703 illi
1262 3650 1334 3728 pro
1353 3628 1641 3708 Definitoribus
1659 3626 1807 3731 Capituli

159 3749 411 3848 recipiantur.
443 3744 560 3841 Quod
593 3744 625 3820 si
659 3743 699 3817 in
733 3741 925 3820 electione
958 3743 1071 3820 istius
1101 3740 1229 3819 adbuc
1259 3741 1572 3823 discordaverint
1589 3773 1602 3842 3
1635 3743 1808 3824 61166611-

157 3871 268 3963 gatur
295 3884 365 3961 per
394 3860 576 3959 eumdem
605 3856 796 3936 modum:
822 3864 860 3933 et
887 3859 942 3934 sic
968 3857 1167 3956 deinceps,
1194 3856 1319 3934 donec
1345 3858 1385 3932 in
1412 3867 1524 3959 parte
1552 3859 1676 3939 611616
1706 3852 1808 3957 major

156 3981 281 4079 possit
309 4003 494 4058 numerus
527 3978 708 4056 inveniri.

206 4095 400 4173 Praedicti
429 4096 549 4195 igitur
565 4103 733 4194 quatuor
753 4092 988 4171 Definitcres
1009 4091 1202 4193 eligantur
1221 4092 1260 4167 in
1278 4091 1342 4167 die
1360 4094 1542 4192 proximo
1570 4093 1807 4195 praecedente

154 4212 260 4288 diem
296 4210 570 4309 assignationis
608 4207 777 4308 Capituli
819 4206 1072 4283 Provincialis
1102 4235 1109 4281 :
1139 4218 1177 4283 et
1209 4215 1379 4283 extunc
1413 4207 1578 4307 incipiat
1616 4211 1808 4287 auctoritas

154 4326 399 4404 eorumdem.
441 4325 559 4420 Quod
600 4325 630 4401 si
671 4323 844 4423 aliquem
878 4322 927 4399 de
961 4321 1077 4399 dictis
1116 4333 1286 4421 quatuor
1327 4322 1613 4401 Definitoribus
1663 4325 1808 4401 durante

154 4441 389 4518 Provinciali
428 4439 612 4540 Capitulo
646 4439 747 4515 mori
783 4437 1004 4536 contigerit,
1040 4435 1099 4512 vel
1134 4435 1208 4512 6116
1242 4434 1414 4536 legitima
1450 4461 1566 4516 causa
1600 4437 1806 4538 impediri:

78 4558 81 4563 ’
154 4556 352 4633 Electores
380 4555 597 4655 supradicti
624 4552 841 4630 secundum
869 4551 1013 4628 dictam
1040 4550 1207 4628 1611116111
1235 4551 1391 4649 possint
1417 4554 1548 4631 statim
1576 4553 1701 4631 alium
1724 4549 1809 4630 Defi-

155 4671 321 4747 nitorem
350 4671 493 4770 eligere
521 4670 616 4747 dicti
656 4667 826 4767 Capituli
841 4695 851 4758 ;
883 4666 951 4766 qui
979 4688 1070 4743 6161(
1093 4665 1253 4760 6166166,
1282 4665 1461 4743 66161661
1491 4668 1632 4746 lrabeat
1658 4678 1808 4770 potesta·

151 4794 244 4878 tem,
270 4805 389 4882 quam
414 4784 531 4863 ceteri
560 4782 795 4859 Definitores
823 4779 1000 4857 habent:
1027 4787 1065 4856 61
1092 4779 1178 4856 1666
1207 4779 1352 4855 mortui
1376 4780 1436 4857 vel
1463 4782 1661 4881 impediti,
1693 4779 1809 4859 omnia

153 4895 324 4996 Capituli
355 4899 509 4997 negotia
539 4919 630 4974 cum
657 4894 747 4973 aliis
774 4895 923 4994 pariter
950 4891 1172 4969 1611616161
1198 4891 1394 4970 tractabit.

203 5010 420 5091 Statuimus
453 5014 585 5107 etiam,
607 5022 649 5089 ut
677 5033 749 5111 per
774 5009 875 5086 duos
901 5029 1026 5085 annos
1049 5007 1088 5082 in
1116 5007 1311 5084 dictarum
1338 5007 1497 5108 triginta
1523 5009 1642 5087 66166
1666 5010 1812 5090 Ρ16116·

153 5125 304 5204 6161661
331 5130 537 5230 Capitulis,
559 5128 701 5227 aliquis
718 5124 767 5201 de
787 5123 912 5222 magis
940 5123 1094 5199 idoneis
1113 5144 1135 5197 a
1157 5122 1296 5219 majori
1324 5132 1432 5222 parte
1459 5122 1634 5223 Capituli
1662 5127 1814 5229 eligatur

153 5264 224 5340 per
251 5243 572 5345 disquisitionem
611 5240 762 5318 Prioris
796 5237 1072 5331 Provincialis,
1102 5235 1161 5312 vel
1194 5240 1278 5335 eius
1309 5238 1475 5332 vicarii,
1510 5250 1549 5316 et
1586 5240 1758 5338 Prioris,
1786 5250 1817 5316 et

154 5355 384 5456 Supprioris
409 5359 517 5438 illius
545 5359 635 5452 loci,
662 5355 730 5433 ubi
758 5352 985 5454 Capitulum
1012 5350 1231 5429 6616166161
1246 5379 1257 5442 ;
1289 5352 1387 5429 etsi
1415 5375 1516 5430 6666
1544 5356 1732 5455 16166111,
1758 5376 1818 5458 per

153 5470 471 5572 disquisitionem
501 5478 669 5552 duorum
691 5500 698 5546 :
720 5469 828 5569 quod
854 5469 886 5546 si
913 5468 992 5545 duo
1020 5467 1229 5561 defuerint,
1248 5466 1335 5545 loco
1363 5468 1557 5566 ipsorum,
1577 5495 1653 5571 per
1675 5472 1820 5575 disqui-
