3990 6082
146 373 170 445 d
668 366 817 466 Regula
835 365 881 443 Β.
900 366 1114 465 Augustini
1137 365 1326 466 Episcopi.

153 516 262 618 quod
287 516 386 594 alter
413 516 603 595 habuerat
624 544 632 591 ι
653 513 748 594 dum
775 524 906 593 tamen
938 516 1164 616 uuicuique,
1195 523 1316 616 prout
1338 514 1484 615 cuique
1509 532 1615 613 opus
1641 517 1714 605 est,
1742 530 1808 588 non

154 642 330 736 negetur.
361 631 400 711 Si
427 640 558 710 autem
588 631 682 708 binc
711 632 816 710 inter
841 653 910 709 vos
937 633 1210 711 contentiones
1235 639 1276 710 et
1304 651 1509 713 murmura
1543 628 1810 717 oriuntnr;et
1857 594 1860 703 l

154 748 409 849 conqueritur
438 747 582 847 aliquis
610 769 651 824 se
677 745 852 825 deterius
877 747 1103 847 accepisse,
1133 769 1254 847 qnam
1284 747 1396 849 prius
1422 745 1631 841 babuerat,
1659 754 1700 821 et
1723 740 1812 819 indi·

154 885 274 964 gnum
302 886 344 941 se
369 885 468 959 esse,
489 862 596 962 quod
624 883 704 939 non
732 863 785 940 ita
811 862 1013 958 vestiatur,
1035 862 1136 942 sicut
1161 863 1264 941 alius
1294 863 1414 941 frater
1439 861 1712 941 vestiebatur:
1733 856 1811 935 binc

154 1002 224 1059 vos
249 978 440 1080 probate,
470 985 662 1079 quantum
692 976 805 1055 vobis
835 975 934 1055 desit
960 978 1001 1054 in
1028 977 1098 1056 illo
1126 979 1307 1057 interiori
1336 986 1469 1057 sancto
1497 976 1642 1055 babitu
1669 971 1809 1067 cordis,

155 1095 224 1196 qui
254 1116 325 1194 pro
352 1093 489 1171 babitu
517 1093 696 1192 corporis
732 1092 905 1192 litigatis.
944 1094 1090 1172 Tamen
1124 1095 1157 1171 si
1190 1104 1317 1172 vestra
1351 1094 1545 1173 toleratur
1581 1089 1809 1182 infirmitas,

155 1221 199 1290 ut
230 1210 306 1289 boc
327 1208 541 1309 recipiatis,
570 1207 678 1307 quod
713 1209 953 1308 posueritis;
983 1207 1025 1285 in
1053 1231 1133 1289 uuo
1159 1217 1292 1288 tamen
1325 1209 1414 1288 loco
1443 1208 1518 1287 sub
1544 1202 1812 1286 communibus

156 1323 386 1404 custodibus
404 1322 545 1401 babcte
563 1322 671 1423 quod
691 1324 839 1422 ponitis
862 1352 870 1399 ε
891 1323 944 1402 ita
965 1346 1057 1401 sane
1071 1324 1180 1425 quod
1199 1325 1331 1402 nullus
1347 1325 1424 1402 sibi
1439 1321 1595 1424 aliquid
1612 1327 1790 1422 operetur
1800 1345 1810 1411 ;

158 1440 228 1519 sed
265 1439 398 1519 omnia
433 1460 551 1537 opera
588 1448 715 1516 vestra
751 1438 793 1514 in
828 1461 952 1518 unum
987 1439 1083 1517 liant
1112 1469 1119 1517 :
1150 1440 1289 1539 majori
1326 1438 1471 1535 studio,
1502 1448 1542 1517 et
1568 1432 1813 1536 frequentiori

158 1555 382 1649 alacritate,
420 1576 539 1654 qnam
575 1553 607 1630 si
644 1553 754 1631 vobis
794 1552 958 1654 singulis
991 1555 1152 1655 propria
1185 1555 1379 1634 laceretis.
1417 1554 1570 1634 Caritas
1609 1551 1740 1647 enim,
1773 1547 1814 1624 de

159 1694 237 1772 qua
269 1671 460 1768 scriptum
493 1677 574 1763 est,
612 1668 719 1768 quod
753 1691 831 1746 non
870 1671 1023 1768 quaerit
1063 1692 1164 1771 quae
1195 1694 1263 1749 sua
1302 1677 1418 1759 sunt,
1460 1669 1518 1747 sic
1553 1666 1810 1767 intelligitur:

159 1788 252 1887 quia
286 1785 512 1862 communia
551 1783 737 1883 propriis,
775 1805 853 1861 non
888 1785 1048 1885 propria
1082 1786 1362 1865 communibus
1396 1784 1615 1884 anteponit.
1655 1782 1703 1860 Et
1737 1779 1813 1857 ideo

158 1906 306 2003 quanto
334 1898 505 1999 amplius
531 1921 615 1976 rem
642 1920 911 1996 communem,
942 1923 1060 2000 quam
1090 1903 1254 2003 propria
1284 1910 1413 1980 vestra
1439 1898 1694 1991 curaveritis;
1718 1902 1813 1974 taum

158 2039 228 2095 vos
254 2013 425 2116 amplius
453 2014 644 2114 prolicere
674 2015 862 2095 noveritis
885 2044 893 2091 :
916 2025 958 2094 ut
984 2017 1025 2092 in
1050 2017 1251 2114 omnibus,
1275 2017 1423 2118 quibus
1449 2016 1575 2094 utitur
1600 2009 1812 2092 transitorie

156 2120 401 2227 necessitas,
420 2130 726 2229 superemineat,
764 2153 865 2231 quae
896 2143 1115 2230 permanet,
1151 2132 1309 2213 caritas.

212 2245 468 2344 Consequens
487 2266 579 2345 ergo
597 2253 668 2337 est,
683 2252 726 2321 ut
738 2247 855 2322 etiam
874 2267 965 2322 cum
983 2247 1074 2347 quis
1088 2247 1182 2325 filiis
1196 2248 1291 2343 suis,
1308 2246 1518 2346 autaliqna
1536 2238 1815 2321 necessitudine

162 2360 211 2437 ad
240 2383 280 2438 se
308 2359 610 2460 pertinentibus,
632 2360 671 2435 in
700 2360 941 2439 Monosterio
969 2363 1209 2458 constitutis,
1229 2362 1402 2464 aliquam
1430 2358 1646 2439 contulerit
1668 2362 1813 2447 vestem,

163 2475 243 2554 sive
270 2474 478 2578 quodlibet
504 2475 613 2552 uliud
632 2475 736 2553 inter
756 2477 975 2554 necessaria
993 2477 1266 2578 deputandum
1287 2507 1295 2555 ι
1316 2499 1394 2557 non
1414 2475 1569 2556 occulte
1588 2471 1813 2575 accipiaturt

163 2593 232 2671 sed
264 2592 316 2670 sit
353 2593 392 2668 in
430 2599 622 2691 potestate
656 2591 870 2692 Praepositi
902 2621 909 2669 :
940 2602 982 2671 ut
1016 2593 1057 2669 iu
1093 2616 1178 2671 rem
1213 2614 1468 2671 communem
1507 2590 1726 2684 redactum,
1763 2582 1815 2662 cni

163 2729 322 2787 necesse
353 2707 484 2804 fuerit,
514 2706 763 2806 praebeatur.
798 2706 916 2804 Quod
944 2709 976 2785 si
1009 2708 1152 2809 aliquis
1181 2731 1265 2786 rem
1292 2709 1369 2786 sibi
1401 2707 1586 2787 collatam
1613 2701 1813 2783 celaverit:

159 2827 253 2916 furti
284 2826 436 2928 judicio
471 2827 770 2904 condemnetur.
809 2826 1045 2905 indumenta
1077 2840 1205 2906 vestra
1232 2828 1451 2907 secundum
1477 2825 1689 2903 arbitrium
1714 2822 1815 2899 Prae·

161 2945 279 3047 positi
310 2946 488 3024 laventur
523 2944 604 3022 sive
640 2967 662 3018 a
693 2943 833 3037 vobis,
872 2944 1008 3020 sivea
1049 2942 1305 3022 fullonibus:
1338 2966 1386 3021 ne
1421 2943 1635 3022 interiores
1676 2938 1816 3017 animae

161 3062 298 3141 sordes
330 3060 537 3140 contrabat
571 3058 742 3136 mundae
777 3058 897 3136 vestis
932 3058 1079 3136 nimius
1116 3061 1331 3160 appetitus.

211 3178 423 3256 Lavacrum
459 3176 576 3254 etiam
612 3175 787 3274 corpori,
829 3196 920 3250 cum
956 3174 1199 3253 infirmitatis
1235 3175 1450 3254 necessitas
1483 3173 1586 3273 cogit
1626 3171 1818 3249 :minime

161 3294 386 3393 denegetur.
431 3292 513 3369 Fiat
548 3292 633 3367 siue
668 3312 870 3367 murmure
902 3289 952 3367 de
984 3290 1152 3369 consilio
1184 3291 1406 3368 medicinae
1437 3289 1527 3367 :ita
1561 3297 1605 3367 ut
1638 3289 1755 3367 etiam
1790 3282 1818 3360 si

162 3408 274 3504 nolit,
298 3408 459 3508 anente
488 3407 717 3506 Praeposito
748 3405 861 3484 faciat
890 3406 997 3505 quod
1026 3405 1250 3484 faciendum
1278 3416 1337 3484 est
1365 3427 1438 3505 pro
1465 3404 1606 3483 salute.
1636 3403 1679 3481 Si
1701 3410 1818 3480 autem

162 3524 282 3620 velit,
317 3533 355 3602 et
386 3522 488 3600 lorte
523 3544 601 3600 non
634 3521 829 3620 expedit:
864 3544 956 3599 snae
991 3521 1197 3620 cupiditati
1234 3544 1313 3600 non
1349 3519 1571 3599 obediatur.
1605 3516 1818 3620 Aliquando

163 3639 305 3734 euim,
345 3636 498 3715 etiamsi
535 3644 709 3715 noceat:
742 3634 928 3735 prodesse
964 3635 1169 3733 creditur,
1207 3636 1315 3737 quod
1354 3635 1537 3714 delectat.
1576 3635 1759 3734 Denique
1792 3630 1820 3707 si

165 3755 292 3833 latens
310 3761 369 3831 est
385 3752 500 3830 dolor
524 3752 563 3827 iu
582 3772 749 3851 corpore
773 3780 779 3824 :
802 3750 950 3828 famulo
971 3751 1044 3828 Dei
1064 3752 1212 3829 dicenti
1233 3750 1331 3851 quid
1350 3750 1426 3828 sibi
1447 3749 1591 3845 doleat,
1614 3750 1702 3827 sine
1719 3745 1822 3826 dubi·

164 3869 313 3948 tatione
346 3868 541 3946 credatur.
578 3865 655 3944 Sed
691 3874 820 3943 tamen
853 3875 986 3945 utrum
1023 3869 1198 3944 sanando
1233 3867 1292 3943 illi
1332 3865 1475 3961 dolori,
1514 3864 1624 3966 quod
1650 3864 1822 3966 delectat,

165 3984 345 4086 expediat
374 4011 382 4060 :
413 3984 446 4059 si
477 4003 556 4060 non
585 3990 644 4060 est
669 3993 849 4078 certum,
882 3981 1058 4060 medicus
1084 3981 1327 4060 consulatur.
1361 3981 1439 4059 Nec
1465 3990 1556 4058 eant
1599 3980 1650 4059 ad
1678 3979 1822 4072 balnea,

164 4104 242 4180 sive
275 4121 527 4200 quocumque
555 4098 612 4175 ire
648 4120 805 4175 necesse
837 4098 955 4175 fuerit
984 4126 992 4173 ε
1019 4099 1150 4175 minus
1185 4118 1307 4197 quam
1341 4097 1420 4176 duo
1453 4095 1639 4175 veltres.
1682 4096 1727 4175 m
1752 4094 1822 4188 ille,

165 4217 232 4319 qui
263 4216 381 4294 babet
417 4213 555 4314 aliquo
585 4214 705 4291 eundi
735 4215 1042 4291 necessitatem:
1073 4236 1163 4290 cnm
1190 4214 1337 4314 quibus
1367 4213 1618 4313 Praepositae
1659 4211 1823 4311 jusserit,

165 4336 223 4411 ire
249 4331 381 4409 debet.
412 4329 709 4429 Aegrotantium
735 4351 840 4420 cura,
871 4329 952 4407 sive
974 4339 1065 4428 post
1090 4328 1378 4429 aegritudinem
1405 4327 1728 4420 reficiendorum,
1755 4327 1827 4406 sive

165 4449 297 4548 aliqua
331 4443 620 4533 imbecillitate,
658 4443 775 4521 etiam
806 4444 890 4521 sine
925 4443 1116 4541 febribus,
1148 4444 1429 4540 laborantium,
1466 4445 1535 4521 uni
1571 4443 1691 4522 alicui
1720 4442 1828 4522 debet

165 4564 317 4665 inJungi
350 4590 357 4639 :
389 4569 432 4639 ut
466 4559 552 4661 ipse
580 4559 630 4636 de
657 4558 817 4636 cellario
845 4568 982 4657 petat,
1013 4559 1122 4659 quod
1149 4560 1293 4660 cuique
1320 4581 1422 4660 opus
1452 4581 1540 4637 esse
1570 4559 1828 4660 prospexerit.

167 4678 253 4755 Sive
295 4684 425 4755 autem
463 4675 531 4776 qui
564 4673 738 4770 cellario,
773 4673 855 4752 sive
884 4675 952 4775 qui
985 4675 1175 4769 vestibus
1214 4677 1295 4754 sive
1329 4676 1399 4775 qui
1431 4673 1640 4752 codicibus
1673 4696 1831 4776 praepo·

167 4801 315 4870 nuntur
337 4821 344 4869 :
367 4793 452 4869 sine
478 4812 682 4867 murmure
708 4789 880 4868 serviant
906 4789 1097 4867 fratribus
1116 4791 1211 4868 suis.
1234 4791 1401 4869 Codices
1420 4798 1525 4867 certa
1545 4789 1646 4868 bora
1672 4791 1832 4893 singulis

168 4908 307 4986 diebus
356 4913 549 5007 petantur.
585 4905 703 4983 Extra
752 4907 891 4982 boram
929 4906 997 5006 qni
1035 4906 1230 5002 petierit:
1260 4929 1340 4984 non
1377 4905 1555 5005 accipiat.
1597 4904 1834 4985 Vestimenta

167 5046 258 5103 vero
290 5031 328 5101 et
363 5022 639 5114 calceamenta,
672 5022 830 5120 quando
860 5020 1007 5098 luerint
1031 5021 1300 5122 indigentibus
1328 5021 1585 5099 necessaria:
1629 5021 1726 5099 dare
1760 5044 1833 5101 non

167 5137 360 5234 diderant,
395 5137 468 5216 sub
502 5157 672 5236 quorum
709 5136 886 5213 custodia
923 5146 1027 5232 suut,
1064 5160 1165 5236 quae
1197 5147 1426 5237 poscuntur.
1464 5135 1583 5231 Lites,
1617 5148 1688 5216 aut
1711 5137 1835 5216 nullas

169 5255 364 5351 habeatis,
386 5262 453 5331 unt
479 5273 597 5352 quam
625 5250 830 5329 celerrime
857 5252 1027 5343 liniatis;
1058 5274 1107 5329 ne
1135 5252 1192 5328 ira
1221 5261 1368 5330 crescat
1386 5253 1426 5328 in
1445 5251 1600 5347 odium,
1624 5264 1663 5331 el
1687 5254 1836 5333 trabem

171 5371 284 5448 saciat
313 5371 362 5447 de
397 5370 544 5446 lestuca
574 5397 582 5446 :
613 5376 651 5444 et
684 5368 858 5444 animam
890 5367 1002 5446 faciat
1039 5369 1297 5446 homicidam.
1337 5367 1402 5447 Sic
1433 5366 1540 5445 enim
1574 5366 1720 5470 legitis.
1760 5369 1834 5467 Qui

171 5486 253 5565 odit
289 5486 446 5563 fratrem
480 5504 594 5561 sunm
632 5512 638 5558 :
676 5483 874 5560 homicida
906 5492 975 5561 est.
1010 5485 1259 5585 Quicumque
1291 5484 1483 5579 convicio,
1518 5483 1578 5561 vel
1607 5484 1833 5583 maledicto,
