<?xml version="1.0" encoding="UTF-8"?>
<!DOCTYPE html PUBLIC "-//W3C//DTD XHTML 1.0 Transitional//EN"
    "http://www.w3.org/TR/xhtml1/DTD/xhtml1-transitional.dtd">
<html xmlns="http://www.w3.org/1999/xhtml" xml:lang="en" lang="en">
 <head>
  <title>
</title>
<meta http-equiv="Content-Type" content="text/html;charset=utf-8" />
  <meta name='ocr-system' content='tesseract 3.04.00' />
  <meta name='ocr-capabilities' content='ocr_page ocr_carea ocr_par ocr_line ocrx_word'/>
</head>
<body>
  <div class='ocr_page' id='page_1' title='image "./martyrologiumsa00domigoog_0100.png"; bbox 0 0 3990 6082; ppageno 0'>
   <div class='ocr_carea' id='block_1_1' title="bbox 139 257 1127 399">
    <p class='ocr_par' dir='ltr' id='par_1_1' title="bbox 139 257 1127 399">
     <span class='ocr_line' id='line_1_1' title="bbox 139 257 1127 399; baseline 0.005 -5"><span class='ocrx_word' id='word_1_1' title='bbox 139 292 209 396; x_wconf 75' lang='lat' dir='ltr'>aa</span> <span class='ocrx_word' id='word_1_2' title='bbox 844 257 1127 399; x_wconf 69' lang='grc' dir='ltr'>ιιιιιιιι.</span> 
     </span>
    </p>
   </div>
   <div class='ocr_carea' id='block_1_2' title="bbox 138 502 1845 2373">
    <p class='ocr_par' dir='ltr' id='par_1_2' title="bbox 138 502 1845 2373">
     <span class='ocr_line' id='line_1_2' title="bbox 140 502 1813 647; baseline 0.003 -43"><span class='ocrx_word' id='word_1_3' title='bbox 140 540 267 608; x_wconf 91' lang='lat' dir='ltr'>uem</span> <span class='ocrx_word' id='word_1_4' title='bbox 312 502 513 607; x_wconf 75' lang='lat' dir='ltr'><strong>Christi</strong></span> <span class='ocrx_word' id='word_1_5' title='bbox 545 508 832 647; x_wconf 70' lang='lat' dir='ltr'>:martyrii</span> <span class='ocrx_word' id='word_1_6' title='bbox 876 505 1099 642; x_wconf 81' lang='lat' dir='ltr'>gloriam</span> <span class='ocrx_word' id='word_1_7' title='bbox 1153 507 1345 646; x_wconf 75' lang='lat' dir='ltr'>capitis</span> <span class='ocrx_word' id='word_1_8' title='bbox 1371 505 1813 611; x_wconf 85' lang='lat' dir='ltr'>obtruncatione</span> 
     </span>
     <span class='ocr_line' id='line_1_3' title="bbox 138 644 1812 789; baseline 0.001 -37"><span class='ocrx_word' id='word_1_9' title='bbox 138 649 393 787; x_wconf 70' lang='lat' dir='ltr'>suscepit.</span> <span class='ocrx_word' id='word_1_10' title='bbox 417 644 658 783; x_wconf 86' lang='lat' dir='ltr'>Sequota</span> <span class='ocrx_word' id='word_1_11' title='bbox 682 669 761 755; x_wconf 80' lang='lat' dir='ltr'>est</span> <span class='ocrx_word' id='word_1_12' title='bbox 780 685 1007 786; x_wconf 88' lang='lat' dir='ltr'>quoque</span> <span class='ocrx_word' id='word_1_13' title='bbox 1026 650 1178 752; x_wconf 93' lang='lat' dir='ltr'>illum</span> <span class='ocrx_word' id='word_1_14' title='bbox 1207 651 1455 754; x_wconf 79' lang='lat' dir='ltr'>univorsa</span> <span class='ocrx_word' id='word_1_15' title='bbox 1475 685 1618 789; x_wconf 90' lang='lat' dir='ltr'>pene</span> <span class='ocrx_word' id='word_1_16' title='bbox 1638 653 1812 788; x_wconf 85' lang='lat' dir='ltr'>gregis</span> 
     </span>
     <span class='ocr_line' id='line_1_4' title="bbox 139 792 1808 931; baseline -0.001 -36"><span class='ocrx_word' id='word_1_17' title='bbox 139 795 219 895; x_wconf 90' lang='lat' dir='ltr'>sui</span> <span class='ocrx_word' id='word_1_18' title='bbox 245 792 546 895; x_wconf 76' lang='lat' dir='ltr'>multitado</span> <span class='ocrx_word' id='word_1_19' title='bbox 570 827 582 915; x_wconf 90' lang='grc'>;</span> <span class='ocrx_word' id='word_1_20' title='bbox 611 829 849 930; x_wconf 91' lang='lat' dir='ltr'>quorum</span> <span class='ocrx_word' id='word_1_21' title='bbox 892 796 1023 898; x_wconf 92' lang='lat' dir='ltr'>alios</span> <span class='ocrx_word' id='word_1_22' title='bbox 1052 793 1226 931; x_wconf 87' lang='lat' dir='ltr'>judex</span> <span class='ocrx_word' id='word_1_23' title='bbox 1252 794 1430 930; x_wconf 86' lang='lat' dir='ltr'>gladio</span> <span class='ocrx_word' id='word_1_24' title='bbox 1468 794 1808 913; x_wconf 85' lang='lat' dir='ltr'>obtruncari,</span> 
     </span>
     <span class='ocr_line' id='line_1_5' title="bbox 139 937 1845 1077; baseline 0.004 -38"><span class='ocrx_word' id='word_1_25' title='bbox 139 937 269 1039; x_wconf 91' lang='lat' dir='ltr'>alios</span> <span class='ocrx_word' id='word_1_26' title='bbox 307 937 526 1074; x_wconf 82' lang='lat' dir='ltr'>ignibus</span> <span class='ocrx_word' id='word_1_27' title='bbox 552 939 907 1077; x_wconf 83' lang='lat' dir='ltr'>conflagrari:</span> <span class='ocrx_word' id='word_1_28' title='bbox 938 941 1068 1041; x_wconf 88' lang='lat' dir='ltr'>alios</span> <span class='ocrx_word' id='word_1_29' title='bbox 1110 939 1368 1042; x_wconf 84' lang='lat' dir='ltr'>naviculis</span> <span class='ocrx_word' id='word_1_30' title='bbox 1400 938 1687 1077; x_wconf 78' lang='lat' dir='ltr'>impositos</span> <span class='ocrx_word' id='word_1_31' title='bbox 1717 944 1807 1077; x_wconf 79' lang='lat' dir='ltr'>po·</span> <span class='ocrx_word' id='word_1_32' title='bbox 1838 1033 1845 1045; x_wconf 93' lang='lat'>.</span> 
     </span>
     <span class='ocr_line' id='line_1_6' title="bbox 138 1081 1810 1218; baseline 0.001 -36"><span class='ocrx_word' id='word_1_33' title='bbox 138 1081 259 1218; x_wconf 83' lang='lat' dir='ltr'>lago</span> <span class='ocrx_word' id='word_1_34' title='bbox 279 1081 527 1218; x_wconf 81' lang='lat' dir='ltr'>immargi</span> <span class='ocrx_word' id='word_1_35' title='bbox 550 1081 693 1187; x_wconf 87' lang='lat' dir='ltr'>fecit.</span> <span class='ocrx_word' id='word_1_36' title='bbox 729 1084 875 1186; x_wconf 79' lang='lat' dir='ltr'>Tarsi</span> <span class='ocrx_word' id='word_1_37' title='bbox 897 1085 954 1185; x_wconf 91' lang='lat' dir='ltr'>in</span> <span class='ocrx_word' id='word_1_38' title='bbox 977 1081 1162 1185; x_wconf 88' lang='lat' dir='ltr'>Cilicia</span> <span class='ocrx_word' id='word_1_39' title='bbox 1191 1115 1201 1183; x_wconf 91' lang='lat'>:</span> <span class='ocrx_word' id='word_1_40' title='bbox 1231 1083 1544 1185; x_wconf 82' lang='lat' dir='ltr'>sanctorum</span> <span class='ocrx_word' id='word_1_41' title='bbox 1574 1081 1810 1186; x_wconf 84' lang='lat' dir='ltr'>Castoris</span> 
     </span>
     <span class='ocr_line' id='line_1_7' title="bbox 138 1221 1807 1366; baseline -0.001 -39"><span class='ocrx_word' id='word_1_42' title='bbox 138 1244 192 1327; x_wconf 84' lang='lat' dir='ltr'>et</span> <span class='ocrx_word' id='word_1_43' title='bbox 211 1221 476 1362; x_wconf 74' lang='lat' dir='ltr'>Staphani</span> <span class='ocrx_word' id='word_1_44' title='bbox 491 1227 814 1366; x_wconf 83' lang='lat' dir='ltr'>martyrum.</span> <span class='ocrx_word' id='word_1_45' title='bbox 847 1227 1032 1330; x_wconf 78' lang='lat' dir='ltr'>llomae</span> <span class='ocrx_word' id='word_1_46' title='bbox 1054 1259 1063 1327; x_wconf 91' lang='lat'>:</span> <span class='ocrx_word' id='word_1_47' title='bbox 1089 1227 1356 1364; x_wconf 76' lang='lat' dir='ltr'>depositio</span> <span class='ocrx_word' id='word_1_48' title='bbox 1376 1226 1523 1330; x_wconf 84' lang='lat' dir='ltr'>beati</span> <span class='ocrx_word' id='word_1_49' title='bbox 1541 1226 1807 1331; x_wconf 85' lang='lat' dir='ltr'>Anastasii</span> 
     </span>
     <span class='ocr_line' id='line_1_8' title="bbox 141 1368 1807 1510; baseline 0.001 -40"><span class='ocrx_word' id='word_1_50' title='bbox 141 1368 315 1508; x_wconf 81' lang='lat' dir='ltr'>Papae,</span> <span class='ocrx_word' id='word_1_51' title='bbox 357 1370 455 1470; x_wconf 89' lang='lat' dir='ltr'>viri</span> <span class='ocrx_word' id='word_1_52' title='bbox 483 1369 760 1474; x_wconf 87' lang='lat' dir='ltr'>ditissimae</span> <span class='ocrx_word' id='word_1_53' title='bbox 787 1371 1141 1510; x_wconf 76' lang='lat' dir='ltr'>paupertatis.</span> <span class='ocrx_word' id='word_1_54' title='bbox 1171 1390 1225 1473; x_wconf 80' lang='lat' dir='ltr'>et</span> <span class='ocrx_word' id='word_1_55' title='bbox 1257 1370 1587 1509; x_wconf 85' lang='lat' dir='ltr'>Apostolicae</span> <span class='ocrx_word' id='word_1_56' title='bbox 1610 1370 1807 1474; x_wconf 90' lang='lat' dir='ltr'>sollici·</span> 
     </span>
     <span class='ocr_line' id='line_1_9' title="bbox 139 1511 1806 1654; baseline 0.001 -41"><span class='ocrx_word' id='word_1_57' title='bbox 139 1513 363 1613; x_wconf 72' lang='lat' dir='ltr'>rodinis,</span> <span class='ocrx_word' id='word_1_58' title='bbox 394 1513 590 1634; x_wconf 79' lang='lat' dir='ltr'>Quem,</span> <span class='ocrx_word' id='word_1_59' title='bbox 619 1533 677 1616; x_wconf 83' lang='lat' dir='ltr'>ut</span> <span class='ocrx_word' id='word_1_60' title='bbox 714 1517 789 1617; x_wconf 84' lang='lat' dir='ltr'>ait</span> <span class='ocrx_word' id='word_1_61' title='bbox 827 1534 1045 1619; x_wconf 85' lang='lat' dir='ltr'>sanctus</span> <span class='ocrx_word' id='word_1_62' title='bbox 1083 1511 1471 1654; x_wconf 81' lang='lat' dir='ltr'>Hieronymus,</span> <span class='ocrx_word' id='word_1_63' title='bbox 1498 1511 1595 1616; x_wconf 92' lang='lat' dir='ltr'>diu</span> <span class='ocrx_word' id='word_1_64' title='bbox 1636 1514 1806 1616; x_wconf 87' lang='lat' dir='ltr'>Roma</span> 
     </span>
     <span class='ocr_line' id='line_1_10' title="bbox 142 1657 1806 1797; baseline 0.001 -40"><span class='ocrx_word' id='word_1_65' title='bbox 142 1657 343 1760; x_wconf 80' lang='lat' dir='ltr'>habere</span> <span class='ocrx_word' id='word_1_66' title='bbox 369 1691 479 1757; x_wconf 92' lang='lat' dir='ltr'>non</span> <span class='ocrx_word' id='word_1_67' title='bbox 516 1659 734 1782; x_wconf 73' lang='lat' dir='ltr'>meruit,</span> <span class='ocrx_word' id='word_1_68' title='bbox 764 1694 832 1762; x_wconf 91' lang='lat' dir='ltr'>ne</span> <span class='ocrx_word' id='word_1_69' title='bbox 870 1661 1017 1763; x_wconf 91' lang='lat' dir='ltr'>orbis</span> <span class='ocrx_word' id='word_1_70' title='bbox 1056 1677 1225 1797; x_wconf 84' lang='lat' dir='ltr'>caput</span> <span class='ocrx_word' id='word_1_71' title='bbox 1261 1660 1364 1762; x_wconf 90' lang='lat' dir='ltr'>suh</span> <span class='ocrx_word' id='word_1_72' title='bbox 1402 1659 1495 1761; x_wconf 85' lang='lat' dir='ltr'>tali</span> <span class='ocrx_word' id='word_1_73' title='bbox 1535 1657 1806 1797; x_wconf 83' lang='lat' dir='ltr'>Episcopo</span> 
     </span>
     <span class='ocr_line' id='line_1_11' title="bbox 141 1802 1810 1942; baseline -0.001 -41"><span class='ocrx_word' id='word_1_74' title='bbox 141 1806 492 1912; x_wconf 75' lang='lat' dir='ltr'>truncaratur</span> <span class='ocrx_word' id='word_1_75' title='bbox 515 1834 524 1903; x_wconf 92' lang='lat'>:</span> <span class='ocrx_word' id='word_1_76' title='bbox 551 1838 679 1904; x_wconf 90' lang='lat' dir='ltr'>nam</span> <span class='ocrx_word' id='word_1_77' title='bbox 706 1803 858 1906; x_wconf 89' lang='lat' dir='ltr'>haud</span> <span class='ocrx_word' id='word_1_78' title='bbox 898 1805 1074 1905; x_wconf 85' lang='lat' dir='ltr'>multo</span> <span class='ocrx_word' id='word_1_79' title='bbox 1101 1823 1223 1942; x_wconf 78' lang='lat' dir='ltr'>post</span> <span class='ocrx_word' id='word_1_80' title='bbox 1251 1802 1368 1938; x_wconf 87' lang='lat' dir='ltr'>ejus</span> <span class='ocrx_word' id='word_1_81' title='bbox 1393 1802 1608 1905; x_wconf 82' lang='lat' dir='ltr'>obitum</span> <span class='ocrx_word' id='word_1_82' title='bbox 1639 1802 1810 1904; x_wconf 87' lang='lat' dir='ltr'>Roma</span> 
     </span>
     <span class='ocr_line' id='line_1_12' title="bbox 139 1944 1811 2085; baseline -0.001 -40"><span class='ocrx_word' id='word_1_83' title='bbox 139 1978 170 2045; x_wconf 92' lang='lat' dir='ltr'>a</span> <span class='ocrx_word' id='word_1_84' title='bbox 195 1944 397 2046; x_wconf 83' lang='lat' dir='ltr'>Gothis</span> <span class='ocrx_word' id='word_1_85' title='bbox 422 1952 578 2083; x_wconf 83' lang='lat' dir='ltr'>capta</span> <span class='ocrx_word' id='word_1_86' title='bbox 600 1964 767 2082; x_wconf 80' lang='lat' dir='ltr'>atque</span> <span class='ocrx_word' id='word_1_87' title='bbox 794 1946 1009 2085; x_wconf 81' lang='lat' dir='ltr'>diropta</span> <span class='ocrx_word' id='word_1_88' title='bbox 1030 1947 1150 2048; x_wconf 81' lang='lat' dir='ltr'>fuit.</span> <span class='ocrx_word' id='word_1_89' title='bbox 1181 1946 1680 2084; x_wconf 72' lang='lat' dir='ltr'>Constantinopoli:</span> <span class='ocrx_word' id='word_1_90' title='bbox 1698 1978 1811 2049; x_wconf 88' lang='lat' dir='ltr'>san·</span> 
     </span>
     <span class='ocr_line' id='line_1_13' title="bbox 141 2088 1814 2229; baseline -0.002 -38"><span class='ocrx_word' id='word_1_91' title='bbox 141 2091 210 2191; x_wconf 80' lang='lat' dir='ltr'>cti</span> <span class='ocrx_word' id='word_1_92' title='bbox 239 2088 466 2192; x_wconf 88' lang='lat' dir='ltr'>loannis</span> <span class='ocrx_word' id='word_1_93' title='bbox 494 2088 742 2211; x_wconf 76' lang='lat' dir='ltr'>abbatis,</span> <span class='ocrx_word' id='word_1_94' title='bbox 766 2093 862 2227; x_wconf 89' lang='lat' dir='ltr'>qui</span> <span class='ocrx_word' id='word_1_95' title='bbox 891 2125 991 2229; x_wconf 93' lang='lat' dir='ltr'>pro</span> <span class='ocrx_word' id='word_1_96' title='bbox 1018 2093 1170 2196; x_wconf 86' lang='lat' dir='ltr'>cultu</span> <span class='ocrx_word' id='word_1_97' title='bbox 1202 2092 1479 2223; x_wconf 84' lang='lat' dir='ltr'>sacrarum</span> <span class='ocrx_word' id='word_1_98' title='bbox 1507 2090 1814 2226; x_wconf 83' lang='lat' dir='ltr'>imaginum</span> 
     </span>
     <span class='ocr_line' id='line_1_14' title="bbox 138 2231 1366 2373; baseline 0.002 -41"><span class='ocrx_word' id='word_1_99' title='bbox 138 2232 243 2334; x_wconf 91' lang='lat' dir='ltr'>snb</span> <span class='ocrx_word' id='word_1_100' title='bbox 261 2231 444 2337; x_wconf 82' lang='lat' dir='ltr'>Leone</span> <span class='ocrx_word' id='word_1_101' title='bbox 474 2233 705 2336; x_wconf 78' lang='lat' dir='ltr'>isaurico</span> <span class='ocrx_word' id='word_1_102' title='bbox 730 2236 1030 2373; x_wconf 76' lang='lat' dir='ltr'>pinninum</span> <span class='ocrx_word' id='word_1_103' title='bbox 1050 2234 1366 2338; x_wconf 80' lang='lat' dir='ltr'>decertavit.</span> 
     </span>
    </p>
   </div>
   <div class='ocr_carea' id='block_1_3' title="bbox 120 2425 1423 2558">
    <p class='ocr_par' dir='ltr' id='par_1_3' title="bbox 120 2425 1423 2558">
     <span class='ocr_line' id='line_1_15' title="bbox 120 2425 1423 2558; baseline 0.004 -34"><span class='ocrx_word' id='word_1_104' title='bbox 120 2425 179 2527; x_wconf 81' lang='lat' dir='ltr'>rF</span> <span class='ocrx_word' id='word_1_105' title='bbox 539 2437 760 2558; x_wconf 73' lang='lat' dir='ltr'>Quarto</span> <span class='ocrx_word' id='word_1_106' title='bbox 789 2429 1058 2533; x_wconf 79' lang='lat' dir='ltr'>Kalendas</span> <span class='ocrx_word' id='word_1_107' title='bbox 1080 2429 1243 2531; x_wconf 84' lang='lat' dir='ltr'>lllaii:</span> <span class='ocrx_word' id='word_1_108' title='bbox 1277 2428 1423 2531; x_wconf 83' lang='lat' dir='ltr'>Luna</span> 
     </span>
    </p>
   </div>
   <div class='ocr_carea' id='block_1_4' title="bbox 24 2632 1827 5524">
    <p class='ocr_par' dir='ltr' id='par_1_4' title="bbox 24 2632 1823 3650">
     <span class='ocr_line' id='line_1_16' title="bbox 143 2632 1816 2767; baseline -0.002 -37"><span class='ocrx_word' id='word_1_109' title='bbox 143 2668 170 2730; x_wconf 90' lang='lat' dir='ltr'>a</span> <span class='ocrx_word' id='word_1_110' title='bbox 228 2634 272 2732; x_wconf 77' lang='lat' dir='ltr'>b·</span> <span class='ocrx_word' id='word_1_111' title='bbox 316 2673 342 2734; x_wconf 83' lang='lat' dir='ltr'>c</span> <span class='ocrx_word' id='word_1_112' title='bbox 396 2633 429 2731; x_wconf 90' lang='lat' dir='ltr'>d</span> <span class='ocrx_word' id='word_1_113' title='bbox 490 2672 516 2735; x_wconf 79' lang='lat' dir='ltr'>c</span> <span class='ocrx_word' id='word_1_114' title='bbox 577 2635 602 2731; x_wconf 82' lang='lat' dir='ltr'>l</span> <span class='ocrx_word' id='word_1_115' title='bbox 656 2674 685 2767; x_wconf 65' lang='lat' dir='ltr'>g</span> <span class='ocrx_word' id='word_1_116' title='bbox 734 2636 767 2732; x_wconf 88' lang='grc' dir='ltr'>Ιι</span> <span class='ocrx_word' id='word_1_117' title='bbox 821 2634 835 2731; x_wconf 91' lang='lat' dir='ltr'>i</span> <span class='ocrx_word' id='word_1_118' title='bbox 894 2632 927 2729; x_wconf 77' lang='lat' dir='ltr'><strong>k</strong></span> <span class='ocrx_word' id='word_1_119' title='bbox 1004 2632 1015 2729; x_wconf 90' lang='grc' dir='ltr'>Ι</span> <span class='ocrx_word' id='word_1_120' title='bbox 1082 2666 1135 2728; x_wconf 91' lang='grc' dir='ltr'>ιιι</span> <span class='ocrx_word' id='word_1_121' title='bbox 1196 2667 1228 2727; x_wconf 92' lang='grc' dir='ltr'>ιι</span> <span class='ocrx_word' id='word_1_122' title='bbox 1294 2664 1327 2766; x_wconf 87' lang='lat' dir='ltr'>p</span> <span class='ocrx_word' id='word_1_123' title='bbox 1387 2664 1422 2762; x_wconf 84' lang='lat' dir='ltr'>q</span> <span class='ocrx_word' id='word_1_124' title='bbox 1492 2663 1518 2726; x_wconf 91' lang='lat' dir='ltr'>r</span> <span class='ocrx_word' id='word_1_125' title='bbox 1590 2664 1613 2728; x_wconf 85' lang='lat' dir='ltr'>s</span> <span class='ocrx_word' id='word_1_126' title='bbox 1689 2647 1706 2727; x_wconf 81' lang='lat' dir='ltr'>l</span> <span class='ocrx_word' id='word_1_127' title='bbox 1786 2665 1816 2728; x_wconf 93' lang='grc' dir='ltr'>ιι</span> 
     </span>
     <span class='ocr_line' id='line_1_17' title="bbox 139 2791 1821 2874; baseline -0.001 -4"><span class='ocrx_word' id='word_1_128' title='bbox 139 2791 1821 2874; x_wconf 66' lang='lat' dir='ltr'>lu345678910111213141516171819</span> 
     </span>
     <span class='ocr_line' id='line_1_18' title="bbox 142 2902 1818 3016; baseline -0.004 -7"><span class='ocrx_word' id='word_1_129' title='bbox 142 2912 188 3009; x_wconf 75' lang='grc' dir='ltr'>Α,</span> <span class='ocrx_word' id='word_1_130' title='bbox 287 2912 349 3011; x_wconf 88' lang='lat' dir='ltr'>B·</span> <span class='ocrx_word' id='word_1_131' title='bbox 437 2910 479 3013; x_wconf 88' lang='lat' dir='ltr'>C</span> <span class='ocrx_word' id='word_1_132' title='bbox 591 2912 633 3011; x_wconf 83' lang='lat' dir='ltr'>ll</span> <span class='ocrx_word' id='word_1_133' title='bbox 733 2909 780 3010; x_wconf 79' lang='grc' dir='ltr'>Ε</span> <span class='ocrx_word' id='word_1_134' title='bbox 890 2917 928 3016; x_wconf 91' lang='lat' dir='ltr'>F</span> <span class='ocrx_word' id='word_1_135' title='bbox 1031 2908 1068 3006; x_wconf 64' lang='lat' dir='ltr'>l*</span> <span class='ocrx_word' id='word_1_136' title='bbox 1178 2907 1223 3007; x_wconf 86' lang='lat' dir='ltr'>C</span> <span class='ocrx_word' id='word_1_137' title='bbox 1323 2904 1370 3007; x_wconf 94' lang='lat' dir='ltr'>ll</span> <span class='ocrx_word' id='word_1_138' title='bbox 1466 2903 1521 3005; x_wconf 79' lang='lat' dir='ltr'>ll</span> <span class='ocrx_word' id='word_1_139' title='bbox 1619 2905 1664 3004; x_wconf 80' lang='lat' dir='ltr'>N</span> <span class='ocrx_word' id='word_1_140' title='bbox 1782 2902 1818 3003; x_wconf 85' lang='lat' dir='ltr'>P</span> 
     </span>
     <span class='ocr_line' id='line_1_19' title="bbox 136 3067 1823 3149; baseline -0.002 -1"><span class='ocrx_word' id='word_1_141' title='bbox 136 3067 1823 3149; x_wconf 65' lang='lat' dir='ltr'>aosliiassalasulisaollmia</span> 
     </span>
     <span class='ocr_line' id='line_1_20' title="bbox 24 3222 1822 3403; baseline -0.001 -76"><span class='ocrx_word' id='word_1_142' title='bbox 24 3222 59 3284; x_wconf 61' lang='lat'>³⁶</span> <span class='ocrx_word' id='word_1_143' title='bbox 77 3223 128 3285; x_wconf 60' lang='lat'>²³³⁴·</span> <span class='ocrx_word' id='word_1_144' title='bbox 148 3236 351 3403; x_wconf 62' lang='lat' dir='ltr'>Quaeri</span> <span class='ocrx_word' id='word_1_145' title='bbox 380 3227 529 3328; x_wconf 85' lang='lat' dir='ltr'>Pauli</span> <span class='ocrx_word' id='word_1_146' title='bbox 577 3260 608 3327; x_wconf 96' lang='lat' dir='ltr'>a</span> <span class='ocrx_word' id='word_1_147' title='bbox 646 3227 823 3330; x_wconf 88' lang='lat' dir='ltr'>Cruce</span> <span class='ocrx_word' id='word_1_148' title='bbox 851 3226 1188 3341; x_wconf 84' lang='lat' dir='ltr'>confessoris,</span> <span class='ocrx_word' id='word_1_149' title='bbox 1217 3222 1550 3328; x_wconf 69' lang='lat' dir='ltr'>institutoris</span> <span class='ocrx_word' id='word_1_150' title='bbox 1576 3224 1822 3362; x_wconf 84' lang='lat' dir='ltr'>Congre—</span> 
     </span>
     <span class='ocr_line' id='line_1_21' title="bbox 147 3365 1818 3506; baseline 0 -36"><span class='ocrx_word' id='word_1_151' title='bbox 147 3379 215 3453; x_wconf 48' lang='grc' dir='ltr'>Κ]</span> <span class='ocrx_word' id='word_1_152' title='bbox 257 3370 490 3506; x_wconf 82' lang='lat' dir='ltr'>gationis</span> <span class='ocrx_word' id='word_1_153' title='bbox 527 3373 875 3475; x_wconf 82' lang='lat' dir='ltr'>sanctissimae</span> <span class='ocrx_word' id='word_1_154' title='bbox 914 3369 1105 3473; x_wconf 80' lang='lat' dir='ltr'>Crucis</span> <span class='ocrx_word' id='word_1_155' title='bbox 1162 3388 1215 3472; x_wconf 80' lang='lat' dir='ltr'>et</span> <span class='ocrx_word' id='word_1_156' title='bbox 1277 3367 1539 3471; x_wconf 83' lang='lat' dir='ltr'>Passionis</span> <span class='ocrx_word' id='word_1_157' title='bbox 1596 3365 1818 3471; x_wconf 90' lang='lat' dir='ltr'>Domini</span> 
     </span>
     <span class='ocr_line' id='line_1_22' title="bbox 144 3511 1815 3650; baseline 0.002 -37"><span class='ocrx_word' id='word_1_158' title='bbox 144 3515 311 3616; x_wconf 84' lang='lat' dir='ltr'>nostri</span> <span class='ocrx_word' id='word_1_159' title='bbox 329 3513 457 3616; x_wconf 87' lang='lat' dir='ltr'>lesu</span> <span class='ocrx_word' id='word_1_160' title='bbox 479 3513 705 3641; x_wconf 79' lang='lat' dir='ltr'>Christi:</span> <span class='ocrx_word' id='word_1_161' title='bbox 727 3518 878 3616; x_wconf 86' lang='lat' dir='ltr'>mirae</span> <span class='ocrx_word' id='word_1_162' title='bbox 899 3516 913 3615; x_wconf 91' lang='lat' dir='ltr'>i</span> <span class='ocrx_word' id='word_1_163' title='bbox 921 3516 1233 3618; x_wconf 81' lang='lat' dir='ltr'>nnocontiae</span> <span class='ocrx_word' id='word_1_164' title='bbox 1253 3545 1316 3615; x_wconf 89' lang='lat' dir='ltr'>ac</span> <span class='ocrx_word' id='word_1_165' title='bbox 1336 3511 1677 3650; x_wconf 82' lang='lat' dir='ltr'>poenitantiae</span> <span class='ocrx_word' id='word_1_166' title='bbox 1697 3513 1815 3616; x_wconf 85' lang='lat' dir='ltr'>viri.</span> 
     </span>
    </p>

    <p class='ocr_par' dir='ltr' id='par_1_5' title="bbox 101 3654 1827 5524">
     <span class='ocr_line' id='line_1_23' title="bbox 101 3654 1816 3793; baseline 0.003 -38"><span class='ocrx_word' id='word_1_167' title='bbox 101 3766 104 3772; x_wconf 56' lang='grc'><em>,</em></span> <span class='ocrx_word' id='word_1_168' title='bbox 140 3657 250 3780; x_wconf 82' lang='lat' dir='ltr'>Qui</span> <span class='ocrx_word' id='word_1_169' title='bbox 277 3659 331 3759; x_wconf 91' lang='lat' dir='ltr'>iu</span> <span class='ocrx_word' id='word_1_170' title='bbox 366 3654 645 3760; x_wconf 78' lang='lat' dir='ltr'>Christum</span> <span class='ocrx_word' id='word_1_171' title='bbox 677 3659 1002 3760; x_wconf 79' lang='lat' dir='ltr'>crucifixum</span> <span class='ocrx_word' id='word_1_172' title='bbox 1025 3657 1286 3793; x_wconf 76' lang='lat' dir='ltr'>singulari</span> <span class='ocrx_word' id='word_1_173' title='bbox 1308 3656 1531 3759; x_wconf 78' lang='lat' dir='ltr'>caritate</span> <span class='ocrx_word' id='word_1_174' title='bbox 1561 3655 1816 3790; x_wconf 77' lang='lat' dir='ltr'>flagrans</span> 
     </span>
     <span class='ocr_line' id='line_1_24' title="bbox 140 3799 1814 3940; baseline -0.001 -36"><span class='ocrx_word' id='word_1_175' title='bbox 140 3802 391 3940; x_wconf 77' lang='lat' dir='ltr'>supornis</span> <span class='ocrx_word' id='word_1_176' title='bbox 416 3800 575 3905; x_wconf 91' lang='lat' dir='ltr'>donis</span> <span class='ocrx_word' id='word_1_177' title='bbox 595 3837 658 3905; x_wconf 91' lang='lat' dir='ltr'>ac</span> <span class='ocrx_word' id='word_1_178' title='bbox 684 3803 958 3905; x_wconf 80' lang='lat' dir='ltr'>miraculis</span> <span class='ocrx_word' id='word_1_179' title='bbox 978 3803 1171 3917; x_wconf 74' lang='lat' dir='ltr'>clarus</span> <span class='ocrx_word' id='word_1_180' title='bbox 1195 3799 1434 3938; x_wconf 82' lang='lat' dir='ltr'>perfecta</span> <span class='ocrx_word' id='word_1_181' title='bbox 1455 3818 1507 3902; x_wconf 76' lang='lat' dir='ltr'>et</span> <span class='ocrx_word' id='word_1_182' title='bbox 1534 3801 1814 3904; x_wconf 90' lang='lat' dir='ltr'>cumulata</span> 
     </span>
     <span class='ocr_line' id='line_1_25' title="bbox 143 3940 1818 4077; baseline 0.001 -35"><span class='ocrx_word' id='word_1_183' title='bbox 143 3947 340 4048; x_wconf 78' lang='lat' dir='ltr'>virrote</span> <span class='ocrx_word' id='word_1_184' title='bbox 353 3948 600 4048; x_wconf 87' lang='lat' dir='ltr'>eximius:</span> <span class='ocrx_word' id='word_1_185' title='bbox 623 3944 957 4049; x_wconf 82' lang='lat' dir='ltr'>obdormivit</span> <span class='ocrx_word' id='word_1_186' title='bbox 976 3948 1030 4045; x_wconf 93' lang='lat' dir='ltr'>in</span> <span class='ocrx_word' id='word_1_187' title='bbox 1058 3945 1310 4048; x_wconf 90' lang='lat' dir='ltr'>Domino.</span> <span class='ocrx_word' id='word_1_188' title='bbox 1348 3940 1818 4077; x_wconf 75' lang='lat' dir='ltr'>l‘cslumanlex.</span> 
     </span>
     <span class='ocr_line' id='line_1_26' title="bbox 143 4088 1814 4227; baseline 0.002 -40"><span class='ocrx_word' id='word_1_189' title='bbox 143 4089 451 4193; x_wconf 82' lang='lat' dir='ltr'>llavannae:</span> <span class='ocrx_word' id='word_1_190' title='bbox 483 4092 673 4193; x_wconf 80' lang='lat' dir='ltr'>natalis</span> <span class='ocrx_word' id='word_1_191' title='bbox 692 4093 862 4193; x_wconf 76' lang='lat' dir='ltr'>sancii</span> <span class='ocrx_word' id='word_1_192' title='bbox 887 4088 1081 4192; x_wconf 79' lang='lat' dir='ltr'>viralis</span> <span class='ocrx_word' id='word_1_193' title='bbox 1102 4088 1369 4227; x_wconf 79' lang='lat' dir='ltr'>martyris,</span> <span class='ocrx_word' id='word_1_194' title='bbox 1400 4089 1566 4225; x_wconf 83' lang='lat' dir='ltr'>patris</span> <span class='ocrx_word' id='word_1_195' title='bbox 1592 4088 1814 4191; x_wconf 81' lang='lat' dir='ltr'>sancto·</span> 
     </span>
     <span class='ocr_line' id='line_1_27' title="bbox 145 4229 1817 4370; baseline -0.001 -35"><span class='ocrx_word' id='word_1_196' title='bbox 145 4269 267 4335; x_wconf 91' lang='lat' dir='ltr'>rum</span> <span class='ocrx_word' id='word_1_197' title='bbox 290 4232 534 4336; x_wconf 87' lang='lat' dir='ltr'>Gervasii</span> <span class='ocrx_word' id='word_1_198' title='bbox 556 4254 609 4336; x_wconf 77' lang='lat' dir='ltr'>et</span> <span class='ocrx_word' id='word_1_199' title='bbox 632 4236 870 4338; x_wconf 82' lang='lat' dir='ltr'>Prolasii.</span> <span class='ocrx_word' id='word_1_200' title='bbox 895 4232 1005 4356; x_wconf 89' lang='lat' dir='ltr'>Qui</span> <span class='ocrx_word' id='word_1_201' title='bbox 1030 4268 1158 4336; x_wconf 93' lang='lat' dir='ltr'>cum</span> <span class='ocrx_word' id='word_1_202' title='bbox 1185 4234 1328 4335; x_wconf 79' lang='lat' dir='ltr'>beati</span> <span class='ocrx_word' id='word_1_203' title='bbox 1351 4229 1584 4334; x_wconf 83' lang='lat' dir='ltr'>Ursicini</span> <span class='ocrx_word' id='word_1_204' title='bbox 1613 4264 1817 4370; x_wconf 92' lang='lat' dir='ltr'>corpus</span> 
     </span>
     <span class='ocr_line' id='line_1_28' title="bbox 143 4374 1818 4516; baseline -0.001 -37"><span class='ocrx_word' id='word_1_205' title='bbox 143 4379 423 4480; x_wconf 80' lang='lat' dir='ltr'>sublatum</span> <span class='ocrx_word' id='word_1_206' title='bbox 464 4380 747 4483; x_wconf 76' lang='lat' dir='ltr'>honestate</span> <span class='ocrx_word' id='word_1_207' title='bbox 774 4379 957 4481; x_wconf 76' lang='lat' dir='ltr'>dabira</span> <span class='ocrx_word' id='word_1_208' title='bbox 986 4378 1288 4516; x_wconf 79' lang='lat' dir='ltr'>sepelisset:</span> <span class='ocrx_word' id='word_1_209' title='bbox 1319 4395 1504 4478; x_wconf 77' lang='lat' dir='ltr'>tentus</span> <span class='ocrx_word' id='word_1_210' title='bbox 1530 4410 1560 4475; x_wconf 93' lang='lat' dir='ltr'>a</span> <span class='ocrx_word' id='word_1_211' title='bbox 1589 4374 1818 4478; x_wconf 88' lang='lat' dir='ltr'>Paulino</span> 
     </span>
     <span class='ocr_line' id='line_1_29' title="bbox 145 4517 1817 4660; baseline -0.002 -36"><span class='ocrx_word' id='word_1_212' title='bbox 145 4523 434 4638; x_wconf 77' lang='lat' dir='ltr'>consulari,</span> <span class='ocrx_word' id='word_1_213' title='bbox 464 4542 586 4660; x_wconf 80' lang='lat' dir='ltr'>post</span> <span class='ocrx_word' id='word_1_214' title='bbox 628 4524 847 4656; x_wconf 81' lang='lat' dir='ltr'>equrilei</span> <span class='ocrx_word' id='word_1_215' title='bbox 887 4529 1161 4623; x_wconf 76' lang='lat' dir='ltr'>tormenta</span> <span class='ocrx_word' id='word_1_216' title='bbox 1196 4521 1380 4658; x_wconf 87' lang='lat' dir='ltr'>jussus</span> <span class='ocrx_word' id='word_1_217' title='bbox 1407 4537 1486 4621; x_wconf 85' lang='lat' dir='ltr'>est</span> <span class='ocrx_word' id='word_1_218' title='bbox 1526 4517 1732 4656; x_wconf 78' lang='lat' dir='ltr'>deponi</span> <span class='ocrx_word' id='word_1_219' title='bbox 1760 4519 1817 4621; x_wconf 91' lang='lat' dir='ltr'>in</span> 
     </span>
     <span class='ocr_line' id='line_1_30' title="bbox 147 4663 1820 4802; baseline 0.001 -37"><span class='ocrx_word' id='word_1_220' title='bbox 147 4664 474 4802; x_wconf 82' lang='lat' dir='ltr'>profundam</span> <span class='ocrx_word' id='word_1_221' title='bbox 498 4665 706 4767; x_wconf 84' lang='lat' dir='ltr'>foveam</span> <span class='ocrx_word' id='word_1_222' title='bbox 733 4699 744 4785; x_wconf 85' lang='lat'>;</span> <span class='ocrx_word' id='word_1_223' title='bbox 769 4684 820 4767; x_wconf 81' lang='lat' dir='ltr'>et</span> <span class='ocrx_word' id='word_1_224' title='bbox 842 4685 981 4766; x_wconf 83' lang='lat' dir='ltr'>terra</span> <span class='ocrx_word' id='word_1_225' title='bbox 1005 4698 1068 4767; x_wconf 91' lang='lat' dir='ltr'>ac</span> <span class='ocrx_word' id='word_1_226' title='bbox 1089 4664 1363 4802; x_wconf 90' lang='lat' dir='ltr'>lapidibus</span> <span class='ocrx_word' id='word_1_227' title='bbox 1389 4663 1550 4765; x_wconf 80' lang='lat' dir='ltr'>obrui</span> <span class='ocrx_word' id='word_1_228' title='bbox 1576 4693 1586 4761; x_wconf 91' lang='lat'>:</span> <span class='ocrx_word' id='word_1_229' title='bbox 1612 4663 1820 4799; x_wconf 82' lang='lat' dir='ltr'>talique</span> 
     </span>
     <span class='ocr_line' id='line_1_31' title="bbox 147 4803 1821 4948; baseline -0.001 -38"><span class='ocrx_word' id='word_1_230' title='bbox 147 4809 408 4948; x_wconf 80' lang='lat' dir='ltr'>martyrio</span> <span class='ocrx_word' id='word_1_231' title='bbox 447 4811 699 4945; x_wconf 78' lang='lat' dir='ltr'>migravit</span> <span class='ocrx_word' id='word_1_232' title='bbox 725 4808 790 4910; x_wconf 91' lang='lat' dir='ltr'>ad</span> <span class='ocrx_word' id='word_1_233' title='bbox 834 4808 1135 4911; x_wconf 81' lang='lat' dir='ltr'>Christum.</span> <span class='ocrx_word' id='word_1_234' title='bbox 1169 4808 1450 4915; x_wconf 77' lang='lat' dir='ltr'>¹lleuroria.</span> <span class='ocrx_word' id='word_1_235' title='bbox 1479 4803 1821 4909; x_wconf 81' lang='lat' dir='ltr'>Mediolani:</span> 
     </span>
     <span class='ocr_line' id='line_1_32' title="bbox 147 4947 1824 5093; baseline -0.001 -39"><span class='ocrx_word' id='word_1_236' title='bbox 147 4973 348 5056; x_wconf 59' lang='lat' dir='ltr'>sancta}</span> <span class='ocrx_word' id='word_1_237' title='bbox 368 4949 601 5056; x_wconf 83' lang='lat' dir='ltr'>Valoriae</span> <span class='ocrx_word' id='word_1_238' title='bbox 642 4954 909 5093; x_wconf 69' lang='lat' dir='ltr'>martyris„</span> <span class='ocrx_word' id='word_1_239' title='bbox 951 4951 1198 5087; x_wconf 85' lang='lat' dir='ltr'>conjugis</span> <span class='ocrx_word' id='word_1_240' title='bbox 1237 4953 1409 5053; x_wconf 80' lang='lat' dir='ltr'>sancti</span> <span class='ocrx_word' id='word_1_241' title='bbox 1449 4947 1662 5051; x_wconf 78' lang='lat' dir='ltr'>Vitalis.</span> <span class='ocrx_word' id='word_1_242' title='bbox 1696 4948 1824 5053; x_wconf 84' lang='lat' dir='ltr'>Ale-</span> 
     </span>
     <span class='ocr_line' id='line_1_33' title="bbox 149 5089 1827 5235; baseline -0.001 -39"><span class='ocrx_word' id='word_1_243' title='bbox 149 5096 389 5199; x_wconf 87' lang='lat' dir='ltr'>xandriae</span> <span class='ocrx_word' id='word_1_244' title='bbox 412 5128 422 5197; x_wconf 92' lang='lat'>:</span> <span class='ocrx_word' id='word_1_245' title='bbox 448 5098 624 5235; x_wconf 88' lang='lat' dir='ltr'>passio</span> <span class='ocrx_word' id='word_1_246' title='bbox 645 5117 848 5200; x_wconf 85' lang='lat' dir='ltr'>sanctae</span> <span class='ocrx_word' id='word_1_247' title='bbox 873 5094 1183 5197; x_wconf 65' lang='lat' dir='ltr'>Theodora}</span> <span class='ocrx_word' id='word_1_248' title='bbox 1223 5097 1459 5229; x_wconf 81' lang='lat' dir='ltr'>virginis.</span> <span class='ocrx_word' id='word_1_249' title='bbox 1483 5091 1624 5215; x_wconf 86' lang='lat' dir='ltr'>Quae</span> <span class='ocrx_word' id='word_1_250' title='bbox 1663 5089 1827 5196; x_wconf 90' lang='lat' dir='ltr'>idolis</span> 
     </span>
     <span class='ocr_line' id='line_1_34' title="bbox 149 5234 1821 5378; baseline -0.002 -37"><span class='ocrx_word' id='word_1_251' title='bbox 149 5238 454 5343; x_wconf 82' lang='lat' dir='ltr'>sacrificare</span> <span class='ocrx_word' id='word_1_252' title='bbox 489 5249 1019 5354; x_wconf 84' lang='lat' dir='ltr'>contarnnens,cu1n</span> <span class='ocrx_word' id='word_1_253' title='bbox 1056 5258 1192 5340; x_wconf 85' lang='lat' dir='ltr'>esset</span> <span class='ocrx_word' id='word_1_254' title='bbox 1231 5241 1289 5338; x_wconf 88' lang='lat' dir='ltr'>in</span> <span class='ocrx_word' id='word_1_255' title='bbox 1329 5240 1565 5378; x_wconf 92' lang='lat' dir='ltr'>lupanar</span> <span class='ocrx_word' id='word_1_256' title='bbox 1601 5234 1821 5339; x_wconf 82' lang='lat' dir='ltr'>tradita.</span> 
     </span>
     <span class='ocr_line' id='line_1_35' title="bbox 152 5376 1822 5524; baseline -0.001 -41"><span class='ocrx_word' id='word_1_257' title='bbox 152 5389 377 5524; x_wconf 78' lang='lat' dir='ltr'>reponte</span> <span class='ocrx_word' id='word_1_258' title='bbox 397 5382 630 5521; x_wconf 90' lang='lat' dir='ltr'>quidam</span> <span class='ocrx_word' id='word_1_259' title='bbox 649 5418 713 5486; x_wconf 88' lang='lat' dir='ltr'>ex</span> <span class='ocrx_word' id='word_1_260' title='bbox 736 5383 996 5486; x_wconf 88' lang='lat' dir='ltr'>fratribus</span> <span class='ocrx_word' id='word_1_261' title='bbox 1016 5381 1243 5483; x_wconf 92' lang='lat' dir='ltr'>nomine</span> <span class='ocrx_word' id='word_1_262' title='bbox 1273 5381 1541 5520; x_wconf 80' lang='lat' dir='ltr'>Didymus</span> <span class='ocrx_word' id='word_1_263' title='bbox 1560 5381 1705 5483; x_wconf 91' lang='lat' dir='ltr'>miro</span> <span class='ocrx_word' id='word_1_264' title='bbox 1724 5376 1822 5484; x_wconf 81' lang='lat' dir='ltr'>Dei</span> 
     </span>
    </p>
   </div>
   <div class='ocr_carea' id='block_1_5' title="bbox 0 0 2008 6082">
    <p class='ocr_par' dir='ltr' id='par_1_6' title="bbox 0 0 2008 6082">
     <span class='ocr_line' id='line_1_36' title="bbox 0 0 2008 6082; baseline 0 0"><span class='ocrx_word' id='word_1_265' title='bbox 0 0 2008 6082; x_wconf 95' lang='lat' dir='ltr'> </span> 
     </span>
    </p>
   </div>
  </div>
 </body>
</html>
