3990 6082
712 389 812 469 bar.
831 385 885 467 ll.
906 384 962 465 m
977 384 1238 471 Studentibrra.
1772 377 1822 461 45

193 575 262 652 lle
299 574 684 656 studentibus
729 601 743 655 .·
787 576 1363 676 quartumdecimum
1408 574 1765 674 Capitulum.

223 795 358 851 conius
382 773 485 851 circa
513 773 725 853 studentes
752 773 922 873 diligens
963 783 1022 853 est
1061 775 1286 879 adhibenda
1332 774 1480 853 cautela
1505 802 1512 850 :
1538 772 1711 877 aliquem
1729 796 1815 874 spe·

145 789 382 1000 Qcialem
411 890 586 967 Fratrem
611 888 798 985 habeant,
831 891 916 969 sine
942 895 1055 991 cnjus
1084 891 1242 970 licentia
1271 913 1349 970 non
1387 890 1560 969 scribant
1583 899 1811 992 quaternos,

145 1024 219 1081 nec
245 1004 410 1083 audiant
435 1004 627 1084 lectiones
646 1032 656 1095 ;
678 1014 716 1084 et
737 1028 839 1106 quae
865 1006 968 1085 circa
995 1029 1062 1085 eos
1090 1007 1129 1083 in
1149 1007 1289 1086 studiis
1307 1004 1537 1106 corrigenda
1557 1005 1709 1093 viderit,
1731 1025 1815 1085 cor·

143 1117 240 1218 rigat
263 1127 329 1198 :et
352 1121 386 1198 si
413 1120 516 1199 vires
538 1121 623 1219 ejrrs
652 1122 857 1217 excedant,
885 1122 1063 1201 Praelato
1091 1132 1300 1226 proponat.
1329 1122 1373 1199 ln
1402 1121 1516 1198 libris
1538 1119 1754 1199 Gentilium
1777 1126 1815 1199 et

145 1233 482 1338 Philosophorum
500 1258 578 1315 non
602 1236 814 1315 studeant:
835 1247 873 1316 et
901 1239 934 1317 si
959 1238 1008 1316 ad
1035 1238 1171 1317 horam
1196 1237 1421 1339 inspiciant.
1442 1236 1669 1316 Saeculares
1688 1234 1814 1313 scien·

143 1349 218 1429 tias
238 1373 316 1430 non
336 1350 556 1447 addiscant,
582 1373 711 1452 neque
732 1362 849 1448 artes,
870 1377 968 1454 quas
985 1353 1168 1433 liberales
1186 1364 1325 1431 vocant
1344 1382 1354 1444 ;
1376 1352 1451 1430 nisi
1473 1349 1686 1452 aliquando
1708 1349 1814 1427 circa

143 1464 302 1567 aliquos
328 1468 512 1569 Magister
538 1466 716 1563 Ordinis,
747 1468 806 1546 vel
835 1469 1062 1569 Capitulum
1090 1469 1291 1562 Generale,
1321 1468 1381 1546 vel
1410 1468 1523 1547 Prior
1543 1465 1812 1561 Provincialis,

142 1581 204 1660 vel
232 1582 458 1684 Capitulum
500 1583 742 1662 Provinciale
769 1584 936 1664 voluerit
969 1585 1085 1665 aliter
1111 1585 1342 1686 dispensare
1374 1613 1381 1658 :
1410 1584 1481 1663 sed
1511 1591 1662 1662 tautum
1691 1581 1815 1661 libros

143 1695 405 1801 Theologicos
431 1707 510 1776 tam
535 1702 712 1799 juvenes,
732 1722 851 1800 quam
878 1701 945 1777 alii
970 1700 1111 1802 legant.
1138 1700 1217 1800 lpsi
1244 1699 1400 1779 veroin
1429 1697 1559 1777 studio
1581 1697 1711 1777 taliter
1736 1695 1816 1775 aiut

141 1813 317 1905 intenti;
347 1822 389 1893 ut
410 1813 460 1893 de
481 1814 559 1912 die,
578 1814 628 1893 de
653 1824 782 1910 nocte,
804 1817 844 1892 in
872 1815 1006 1913 domo,
1028 1816 1068 1893 in
1096 1817 1237 1894 itinere
1264 1815 1392 1917 legant
1418 1813 1584 1914 aliquid,
1609 1810 1669 1891 vel
1692 1810 1816 1891 madi-

142 1936 278 2009 tentur
299 1958 306 2005 :
326 1938 365 2009 et
384 1930 582 2031 quidquid
609 1941 808 2031 poterunt,
835 1933 1004 2011 retinere
1031 1933 1266 2011 cordetenus
1295 1931 1484 2009 nitantur.

191 2043 313 2123 Curet
344 2043 460 2124 Prior
500 2045 769 2134 Provincialis‚
789 2048 819 2124 si
851 2047 1034 2126 hahuerit
1059 2046 1217 2148 aliquos
1244 2047 1361 2126 utiles
1387 2045 1438 2124 ad
1461 2044 1715 2138 studendum,
1744 2039 1812 2141 qui

141 2159 301 2263 possint
326 2161 368 2236 in
387 2160 494 2239 brevi
525 2161 608 2262 apti
637 2184 723 2240 esse
751 2162 802 2240 ad
829 2163 1067 2262 legendum;
1099 2165 1256 2242 mittere
1283 2162 1329 2241 ad
1357 2160 1596 2240 studendum
1624 2158 1675 2239 ad
1699 2157 1813 2252 loca,

141 2275 212 2354 ubi
240 2275 343 2377 viget
370 2276 543 2355 studium
568 2289 674 2356 extra
701 2300 789 2355 suas
818 2279 1072 2357 Provincias:
1106 2278 1155 2357 de
1181 2279 1442 2357 Definitorum
1466 2273 1634 2377 Capituli
1657 2272 1815 2353 Provin-

143 2390 272 2486 cialis,
296 2391 355 2468 vel
384 2393 546 2492 majoris
577 2393 700 2492 partis
725 2416 861 2471 eorum
891 2396 1058 2476 consilio
1085 2404 1123 2475 et
1149 2418 1324 2473 assensu.
1346 2394 1387 2473 Si
1413 2415 1505 2472 vero
1531 2391 1705 2492 aliquem
1724 2389 1817 2468 mis·

144 2528 284 2585 eorum
313 2505 594 2604 studentium,
618 2509 717 2586 infra
745 2533 811 2588 sex
838 2533 994 2590 menses
1017 2535 1039 2590 a
1066 2526 1245 2612 tempore
1271 2510 1456 2589 celebrati
1485 2506 1687 2609 Capituli,
1715 2504 1815 2583 mori

145 2622 370 2723 contigerit,
394 2624 455 2702 vel
476 2624 572 2703 alias
600 2625 772 2728 legitime
797 2626 982 2727 impediri
1010 2657 1017 2704 :
1045 2629 1159 2707 Prior
1182 2626 1440 2705 Provincialis
1460 2626 1546 2704 loco
1570 2623 1677 2701 illius
1692 2620 1820 2723 possit

145 2737 272 2817 alium
292 2737 519 2839 subrogare.
540 2742 587 2819 Et
613 2742 654 2818 in
671 2741 757 2820 aliis
774 2742 848 2838 illi,
873 2743 922 2819 ad
949 2766 1049 2844 quos
1078 2744 1301 2838 mittuntur,
1326 2765 1393 2821 eos
1417 2764 1494 2819 non
1521 2740 1690 2818 audeant
1706 2758 1820 2816 occu·

147 2875 247 2954 pare
277 2856 512 2955 :nequead
541 2858 788 2935 Provinciam
836 2882 948 2936 suam
976 2860 1190 2955 remittere,
1225 2860 1302 2936 nisi
1327 2859 1472 2936 luerint
1498 2854 1679 2935 revocati.
1709 2852 1818 2931 Post·

146 2991 271 3070 quam
299 2978 428 3049 autem
456 2973 495 3048 in
523 2972 658 3074 aliquo
681 2975 811 3054 studio
841 2997 910 3076 per
933 2984 1013 3053 tres
1039 2998 1164 3053 annos
1188 2976 1238 3052 ad
1265 2958 1354 3076 plus
1378 2974 1523 3051 luerint
1548 2968 1781 3049 commorati
1807 2995 1819 3066 ς

151 3085 243 3185 ipso
267 3085 370 3164 lacto
398 3088 477 3165 sint
504 3088 554 3167 ab
581 3090 669 3190 ipso
698 3091 829 3168 studio
853 3091 1023 3170 absoluti
1054 3119 1061 3168 :
1093 3092 1168 3168 nisi
1196 3092 1245 3168 de
1269 3090 1446 3189 Magistri
1472 3086 1636 3168 Ordinis
1664 3083 1822 3164 licentia

152 3201 328 3300 speciali.
355 3203 401 3282 Et
426 3203 502 3283 hoc
523 3205 628 3283 idem
654 3235 661 3282 :
696 3208 799 3283 circa
827 3206 1037 3285 Studentes
1062 3208 1237 3306 ejusdem
1264 3206 1480 3285 Provinciae
1504 3203 1745 3282 observetur.

198 3318 294 3395 Tres
314 3320 468 3398 Fratres
492 3333 643 3399 tantum
671 3324 876 3400 mittantur
902 3323 1075 3401 Parisios
1108 3323 1157 3400 ad
1177 3324 1416 3402 studendum
1437 3322 1485 3398 de
1508 3317 1711 3399 Provincia
1729 3345 1739 3408 ;
1760 3338 1822 3393 ex·

148 3433 276 3534 ceptis
303 3435 522 3514 Provinciis
554 3437 780 3536 Hispaniae,
805 3437 1014 3535 Tolosam,
1044 3439 1249 3519 Provincia
1290 3439 1412 3515 sancti
1442 3436 1653 3531 [lominich
1684 3436 1824 3514 Teuto-

148 3549 252 3636 niae,
281 3549 554 3647 Lomhardiae,
576 3553 782 3648 saxoniae,
804 3553 1036 3651 Dalmatiae,
1060 3552 1213 3650 Daciae,
1236 3552 1433 3647 Poloniae,
1461 3552 1659 3647 Graeciae,
1678 3552 1821 3629 Terrae

149 3676 321 3760 sanctae,
341 3667 570 3768 aragoniae,
594 3669 816 3765 bohemiae,
838 3670 1041 3748 Provincia
1070 3669 1333 3748 Provinciae:
1377 3668 1426 3746 de
1453 3689 1619 3769 quarum
1648 3665 1826 3768 qualibet

149 3779 232 3861 duo
258 3792 409 3861 mutum
439 3785 658 3863 mittantur.
686 3785 897 3880 Quaelibet
922 3796 1052 3865 autem
1086 3786 1302 3881 Provincia,
1331 3784 1504 3885 exceptis
1529 3782 1725 3876 Graeciae,
1752 3784 1823 3860 Da·

151 3898 251 3980 cine,
280 3899 421 3977 Terrae
448 3912 615 3997 sanctae,
643 3902 861 4001 provideat,
891 3913 932 3980 ut
960 3925 1116 4004 semper
1147 3903 1186 3978 in
1213 3902 1414 3981 Conventa
1442 3900 1576 4001 aliquo
1604 3899 1749 3980 idoneo
1773 3900 1824 3977 sit

151 4013 334 4113 generale
357 4015 541 4095 Studium
567 4047 575 4094 :
603 4028 642 4095 et
663 4018 710 4095 ad
740 4017 852 4095 illum
880 4017 1011 4097 locum
1039 4018 1210 4120 quilibet
1238 4018 1351 4096 Prior
1380 4017 1633 4096 Provincialis
1659 4025 1825 4117 potesta·

151 4136 233 4207 tem
253 4130 391 4209 habeat
409 4132 587 4211 mittendi
606 4135 707 4212 duos
723 4135 879 4212 Fratres
898 4135 1062 4212 idoneos
1084 4133 1135 4212 ad
1164 4134 1417 4212 studendum.
1438 4133 1554 4229 Quod
1578 4134 1609 4208 si
1633 4133 1672 4209 in
1692 4132 1825 4232 aliqua

152 4243 347 4322 dictarum
379 4247 671 4326 Provinciarum
703 4249 840 4328 Lector
867 4249 1064 4328 sufficiens
1083 4272 1156 4350 pro
1185 4249 1252 4327 tali
1279 4249 1410 4328 studio
1440 4272 1517 4326 vion
1542 4247 1660 4327 luerit
1680 4275 1688 4325 ε
1710 4248 1825 4345 blagi-

152 4368 236 4438 ster
256 4359 416 4442 Ordinis
432 4362 481 4442 de
509 4365 673 4445 hectore
695 4366 902 4467 provideat
927 4367 1178 4466 competenti.

204 4474 420 4556 Statuimus
434 4489 577 4576 autem,
593 4492 635 4560 ut
653 4481 853 4581 quaelihet
873 4481 1077 4559 Provincia
1098 4480 1300 4561 Fratribus
1320 4482 1400 4561 suia
1418 4480 1549 4557 missis
1566 4478 1613 4558 ad
1634 4480 1824 4575 studium,

152 4590 206 4667 ad
225 4592 355 4670 minus
373 4595 412 4670 in
434 4594 561 4674 tribus
580 4596 694 4675 libris
712 4598 949 4701 Theologiae
967 4599 1396 4699 teneatur.provi‹lere;
1424 4595 1605 4675 videlicet
1624 4597 1662 4673 in
1683 4594 1824 4690 llihlia,

154 4706 356 4804 Historiis,
373 4720 408 4787 et
433 4712 648 4790 Sententiis
666 4741 674 4789 :
690 4724 728 4792 et
744 4713 820 4814 ipsi
847 4714 886 4789 in
915 4715 990 4809 hia,
1009 4726 1086 4793 tam
1116 4715 1156 4792 ivr
1183 4726 1303 4809 textu,
1324 4736 1443 4817 quum
1470 4713 1508 4789 in
1538 4712 1693 4813 glossis,
1718 4734 1826 4813 pirae·

153 4822 270 4921 cipue
296 4825 478 4904 studeant
498 4828 723 4928 diligenter,
754 4842 791 4909 et
820 4831 1040 4910 intendant.
1063 4832 1159 4910 ltervr
1189 4831 1320 4909 nullus
1348 4830 1460 4909 liciat
1486 4829 1604 4907 scribi
1632 4826 1755 4905 libros
1779 4826 1828 4905 vle

153 4938 273 5015 rebus
297 4938 465 5019 domus:
486 4943 563 5020 nisi
581 4943 630 5021 ad
650 4967 902 5024 communem
924 4948 1145 5027 utilitatem.
1175 4947 1278 5025 Nulli
1299 4948 1417 5023 utinm
1437 4952 1565 5023 (sortus
1594 4966 1685 5023 risus
1704 4941 1823 5021 libro·

154 5073 245 5129 rum
270 5055 507 5134 concedatur
541 5085 548 5132 :
579 5080 650 5135 nec
672 5060 922 5160 dedignetur,
954 5086 976 5139 a
1003 5087 1256 5165 qrrocunrquu
1281 5064 1521 5153 rrut'orrmtrrr,
1551 5084 1621 5137 uoc
1648 5060 1687 5137 irr
1714 5060 1825 5157 cujus

153 5169 334 5247 custodia
352 5171 612 5253 dimittantur.
641 5175 684 5252 ln
708 5175 851 5255 diebus
876 5178 1108 5277 llominicis,
1130 5189 1167 5259 et
1185 5180 1293 5259 t'cstis
1313 5177 1533 5280 prrrvarlpuiv
1554 5204 1560 5253 :
1583 5200 1603 5251 u
1625 5172 1826 5275 «praeteritis

154 5284 377 5366 scribendis
395 5311 435 5367 se
453 5293 695 5371 contineant.

208 5400 319 5480 Bona
346 5403 491 5483 Fratris
516 5408 706 5506 deluncti,
735 5437 815 5513 quo
854 5417 902 5495 ad
930 5416 1009 5511 illa,
1037 5438 1124 5517 qum
1149 5414 1198 5493 uh
1225 5412 1356 5513 rrlirpra
1388 5408 1606 5499 Provincia,
1637 5406 1694 5487 vel
1725 5406 1827 5487 Con·

155 5532 276 5600 ventu
304 5521 451 5619 habuit,
478 5528 558 5606 sint
581 5530 717 5626 illius;
742 5558 831 5636 qua·
860 5562 950 5617 vcro
979 5539 1092 5621 ulitur
1116 5534 1334 5637 vrrvpririvit,
1355 5532 1434 5609 alut
1459 5530 1697 5627 Corrvcutus,
1717 5526 1828 5627 cujus
