3990 6082
607 369 704 447 nat.
726 369 778 446 ιι.
798 316 851 447 ne
870 368 1049 468 capitu
1068 367 1261 445 caerati.
1525 404 1529 412 -
1727 352 1777 431 ar

104 523 318 619 alinaverit,
347 523 414 600 ille
441 546 514 624 pro
541 526 695 603 Vicario
729 525 919 604 habeatnr
942 553 948 599 :
975 548 1064 602 cum
1095 547 1174 625 quo
1202 522 1358 600 Vicario
1387 520 1505 597 ceteri
1534 515 1768 594 Definitores

104 638 141 716 in
170 639 404 717 definitione
431 640 664 740 procedant.
694 640 811 738 Quod
839 641 870 717 si
902 641 942 716 in
971 641 1056 740 ipsa
1083 640 1313 717 definitione
1341 636 1483 714 iterum
1509 633 1610 709 inter
1639 638 1769 730 partes

104 753 284 854 aequales
301 778 343 832 se
360 754 567 833 diviserint
586 785 594 832 :
615 756 739 833 forma
758 755 939 859 superius
958 756 1086 855 posita
1106 763 1297 832 teneatur.

149 869 219 946 lsti
254 880 386 947 antem
418 869 658 948 Definitores
696 870 900 948 habebunt
934 869 1151 970 plenariam
1188 874 1421 968 potestatem
1455 887 1575 966 super
1610 880 1770 939 excessu

104 984 273 1085 Magistri
302 983 462 1060 Ordinis
488 985 722 1088 corrigendo
750 986 836 1061 :vel
862 984 911 1061 de
939 1007 985 1063 eo
1011 986 1167 1083 penitus
1194 982 1445 1061 removendo.
1468 980 1650 1079 lpsorum
1679 995 1771 1051 vero

104 1099 305 1190 sententia,
334 1105 412 1175 tam
438 1100 478 1174 in
508 1100 584 1193 bis,
613 1122 730 1200 qnam
759 1101 798 1176 in
822 1099 911 1177 aliis
938 1098 1221 1177 inviolabiliter
1247 1098 1507 1174 observetur:
1533 1095 1601 1189 ita,
1621 1088 1771 1193 quoda

104 1213 255 1291 nemine
287 1214 337 1291 ab
375 1212 535 1291 illorum
563 1215 755 1292 sententia
794 1215 908 1292 liceat
943 1212 1156 1313 appellare.
1189 1213 1233 1289 Et
1267 1213 1299 1286 si
1334 1209 1574 1311 appellatum
1609 1205 1766 1284 luerit:

104 1326 248 1422 ’rivola
277 1335 315 1406 et
342 1327 450 1406 nulla
474 1329 686 1429 appellatio
724 1329 924 1408 habeatur.
956 1327 1275 1429 Appellationem
1312 1326 1419 1402 enim
1453 1325 1554 1401 intra
1588 1329 1767 1399 nostrum

104 1441 292 1520 Ordinem
311 1442 385 1521 sub
405 1444 726 1522 interminatione
744 1445 1005 1523 anathematis
1023 1443 1105 1521 lieri
1128 1441 1354 1517 inhibemus
1374 1468 1381 1516 :
1403 1460 1492 1519 cum
1513 1459 1591 1515 non
1618 1433 1769 1514 veneri·

105 1576 186 1635 nus
204 1557 457 1651 contendere,
478 1558 547 1636 sed
565 1559 698 1658 potius
718 1559 862 1637 delicta
881 1560 1091 1657 corrigere.

148 1671 263 1767 Item,
285 1693 335 1749 ne
357 1671 500 1751 delicta
524 1685 709 1751 maneant
737 1674 947 1773 impunita,
974 1683 1012 1751 et
1034 1671 1261 1751 obedientia
1290 1671 1328 1746 in
1358 1681 1494 1748 nostro
1522 1666 1673 1744 Ordine
1701 1686 1771 1763 per

105 1784 387 1886 appellationes
405 1788 564 1867 frivolas
582 1788 843 1890 infringatur3
862 1789 1084 1880 statuimus,
1104 1787 1210 1886 quod
1231 1787 1472 1886 quicumque
1491 1784 1625 1859 Frater
1645 1777 1770 1857 nostri

105 1886 275 1978 Ordinis
287 1911 422 1979 contra
448 1903 716 1981 obedientiam
738 1903 937 2006 appellare
961 1901 1271 2002 praesumpserit
1299 1901 1339 1976 in
1362 1898 1535 1976 futurum
1558 1925 1566 1971 :
1592 1894 1669 1971 nisi
1693 1891 1770 1992 ipsi

105 2013 357 2114 appellationi
385 2016 486 2093 infra
515 2018 615 2096 duos
643 2041 797 2096 menses
825 2017 1119 2112 renuntiaverit,
1141 2015 1201 2093 vel
1220 2016 1334 2093 etiam
1355 2013 1454 2090 infra
1471 2031 1620 2088 annum
1638 2028 1771 2109 prose·

105 2130 167 2229 qui
206 2151 287 2208 non
323 2130 554 2231 incoeperit,
577 2143 645 2211 aut
670 2134 720 2211 ab
746 2135 928 2232 incoepta
957 2132 1266 2233 prosequutione
1293 2127 1499 2222 destiterit,
1529 2125 1589 2203 vel
1620 2124 1660 2200 in
1688 2122 1773 2220 ipsa

105 2243 352 2323 succubuerit
369 2273 380 2337 ;
407 2246 653 2345 adjudicatus
674 2250 821 2326 carceri
857 2249 908 2325 sit
933 2248 1021 2347 ipso
1047 2248 1173 2325 facto:
1204 2268 1276 2322 nec
1304 2243 1428 2344 possit
1454 2264 1544 2319 cum
1572 2242 1673 2342 ipso,
1695 2234 1771 2313 nisi

105 2389 168 2461 per
189 2365 416 2467 Capitulum
435 2368 638 2465 Generale,
661 2378 751 2447 ante
768 2392 892 2447 annos
910 2369 1120 2447 duodecim
1142 2365 1376 2466 dispensari.
1508 2432 1513 2442 .

146 2481 361 2580 appellans
395 2493 525 2561 autem
553 2484 602 2560 ab
629 2484 878 2563 absolutione
906 2484 1002 2561 facta
1028 2484 1088 2561 vel
1119 2481 1293 2559 iacienda
1320 2481 1368 2557 ab
1395 2477 1535 2557 officiis
1571 2477 1769 2555 Prioratus
1840 2494 1844 2499 ·

105 2595 372 2693 Prouincialis,
405 2597 465 2676 vel
493 2598 782 2694 Conventualis,
802 2606 867 2677 aut
898 2599 1125 2691 Vicariatus,
1150 2597 1266 2674 etiam
1292 2602 1493 2695 praetextu
1519 2590 1768 2695 gravaminis,

106 2712 188 2812 ipso
207 2710 308 2789 iacto
331 2713 382 2791 sit
399 2713 603 2792 absolutus
619 2715 668 2791 ab
686 2714 755 2792 illo
776 2712 907 2793 officio
930 2744 937 2789 :
968 2713 1155 2806 volentes,
1176 2711 1282 2812 qnod
1302 2713 1340 2786 in
1363 2711 1449 2787 istis
1464 2710 1564 2786 ratio
1582 2705 1771 2807 gravami-

106 2827 177 2922 nis,
202 2835 281 2904 tam
305 2829 472 2928 proprii,
502 2852 620 2929 quam
648 2831 885 2924 communis,
908 2852 986 2908 non
1015 2814 1139 2905 babet
1160 2828 1289 2905 locum
1319 2826 1447 2926 quoad
1474 2821 1768 2924 appellandum.

106 2941 200 3019 ltem
232 2942 282 3018 ad
310 2942 463 3022 nullum
487 2944 661 3041 jndicem
690 2953 797 3024 extra
825 2943 1032 3039 Ordinem,
1060 2945 1137 3020 nisi
1165 2943 1214 3019 ad
1241 2941 1379 3020 Sedem
1398 2939 1679 3041 Apostolicam,
1707 2934 1771 3015 cui

106 3057 329 3136 immediate
349 3060 458 3138 Ordo
478 3060 661 3138 subditus
680 3070 749 3154 est,
772 3060 935 3161 aliquod
955 3060 1178 3137 membrum
1201 3057 1377 3153 Ordinis,
1398 3055 1535 3156 illique¹
1552 3053 1769 3146 subditum,

106 3192 173 3272 pro
198 3173 350 3270 iustitia
379 3185 584 3253 recurrat:
616 3175 689 3254 sub
718 3198 844 3276 poena
871 3175 1132 3253 absolutionis
1160 3175 1246 3272 ipso
1272 3173 1386 3266 iacto,
1409 3172 1442 3247 si
1464 3180 1530 3249 est
1557 3168 1769 3262 Praelatus,

106 3293 139 3365 et
171 3287 404 3386 privationis
432 3290 536 3367 vocis
571 3291 717 3368 activae
754 3300 792 3368 et
825 3292 1015 3391 passivae,
1053 3289 1172 3367 etiam
1205 3289 1292 3386 ipso
1326 3286 1438 3381 lacto,
1470 3285 1598 3385 quoad
1633 3282 1746 3360 alios.

151 3407 390 3485 Definitores
424 3409 558 3509 itaque
593 3410 799 3510 praedicti,
841 3420 1052 3511 postquam
1088 3408 1235 3486 fuerint
1267 3407 1436 3484 accusati
1475 3436 1482 3482 :
1523 3406 1683 3505 quando
1715 3406 1772 3481 eis

106 3521 300 3600 videbitur
326 3523 523 3623 expedire,
548 3547 750 3602 excessum
779 3525 952 3625 Magistri
980 3524 1146 3602 Ordinis
1173 3523 1335 3600 seorsim
1365 3521 1562 3619 corrigant
1580 3530 1620 3597 et
1642 3541 1772 3597 emen·

107 3637 209 3714 dent.
230 3625 308 3734 ‘Qui
337 3659 468 3715 coram
496 3639 593 3738 ipsis
617 3640 822 3718 humiliter
841 3663 881 3716 se
900 3649 1168 3739 prosternens,
1188 3638 1347 3715 veniam
1369 3636 1512 3727 faciat;
1535 3646 1573 3714 et
1595 3646 1701 3714 stans
1725 3635 1774 3712 de

107 3751 185 3828 suis
207 3752 433 3831 excessibus
452 3776 494 3831 se
512 3765 667 3833 accuset
688 3783 695 3829 :
718 3764 755 3833 et
776 3756 1015 3832 Definitores
1035 3755 1198 3832 audiant
1223 3761 1483 3831 accusantem.
1506 3751 1661 3829 Auditis
1683 3771 1775 3829 vero

107 3867 434 3962 accusationibus,
455 3870 636 3947 secedat:
659 3878 714 3957 ut,
736 3894 783 3949 eo
801 3871 976 3964 absente,
999 3871 1234 3947 Detinitores
1255 3868 1305 3946 de
1323 3870 1406 3965 ejus
1424 3868 1667 3946 correctione
1685 3888 1776 3943 con-

107 3981 229 4060 terant
253 3990 290 4059 et
319 3982 545 4084 disponant.
567 3985 684 4082 Quod
712 3987 744 4062 si
771 3987 1054 4086 praevaricator
1079 3984 1244 4062 Ordinis
1269 3983 1396 4071 luerit,
1418 3992 1484 4060 aut
1509 3991 1770 4083 contemptor,

107 4105 169 4175 aut
194 4095 293 4175 adeo
319 4097 518 4198 negligens
545 4109 582 4177 et
610 4101 809 4197 remissus,
829 4100 937 4201 quod
956 4100 1120 4178 Ordinis
1148 4099 1448 4176 dissolutionem
1477 4108 1516 4175 et
1541 4097 1772 4175 destructio·

107 4231 193 4289 nem
223 4210 409 4303 inducat;
436 4226 641 4292 moneatur
668 4237 689 4291 a
718 4215 1014 4310 Definitoribns,
1035 4223 1078 4293 ut
1102 4213 1346 4314 Magistratui
1374 4213 1487 4290 cedat
1509 4240 1515 4287 :
1538 4223 1577 4290 et
1598 4212 1770 4312 aliquem

107 4327 233 4404 locum
261 4328 306 4402 ad
338 4328 577 4406 manendum
606 4329 681 4406 sibi
710 4330 840 4431 eligat,
871 4342 913 4407 ut
942 4330 1067 4430 possit
1095 4331 1257 4407 honeste
1285 4327 1520 4405 conversari.
1552 4326 1766 4427 Alioquin:

107 4441 308 4518 amovendi
327 4464 417 4519 eum
437 4442 487 4519 ab
510 4443 640 4522 officio
660 4445 907 4545 Magistratus
928 4445 1090 4522 liberam
1112 4444 1278 4521 babeant
1296 4441 1531 4520 facultatem.

148 4554 285 4634 Cessio
311 4567 439 4634 autem
467 4557 641 4660 Magistri
670 4582 749 4638 non
777 4559 1006 4637 admittatur
1028 4583 1051 4636 a
1074 4558 1358 4637 Definitoribus
1379 4584 1386 4632 :
1410 4556 1483 4633 nisi
1512 4566 1673 4656 propter
1700 4557 1771 4633 ali·

108 4670 210 4770 quod
238 4671 542 4769 praedictorum,
569 4686 636 4752 aut
662 4674 872 4769 delectum,
902 4688 966 4752 aut
995 4675 1283 4775 impotentiam,
1314 4695 1412 4772 quae
1435 4671 1564 4771 ipsum
1591 4671 1640 4750 ab
1667 4695 1771 4750 exse-

108 4784 260 4863 tutione
281 4785 400 4864 officii
429 4789 642 4890 Magisterii
672 4797 862 4890 perpetuo
888 4791 1110 4887 impediret.
1149 4791 1382 4888 Perpetuam
1410 4798 1537 4863 autem
1570 4787 1769 4865 dicimus:

108 4899 209 5001 quod
244 4902 477 4981 Oellnitores
511 4905 559 4980 de
587 4904 826 5003 prudentum
855 4905 1024 4982 consilio
1053 4914 1286 5004 perpetuum
1311 4901 1557 5001 judicabunt.
1590 4902 1773 5004 Magister

108 5037 193 5094 vero
227 5015 391 5095 Ordinis
421 5018 562 5095 cedens
586 5018 643 5095 vel
666 5028 821 5097 amotus
851 5047 858 5093 :
888 5033 977 5119 post
1013 5019 1242 5120 Magistrum
1271 5016 1435 5095 Ordinis
1461 5017 1500 5091 in
1528 5017 1772 5096 Definitoriis

108 5130 375 5231 lapitulorum
403 5134 655 5212 Generalium
684 5146 723 5212 et
750 5134 1074 5227 Provincialium‚
1113 5146 1151 5211 et
1189 5135 1227 5209 in
1265 5132 1441 5209 absentia
1474 5133 1648 5231 Magistri
1683 5144 1770 5232 post

108 5247 402 5344 Provincialem,
426 5249 465 5323 in
494 5252 605 5348 cujus
633 5250 837 5328 Provincia
863 5250 992 5343 tuerit,
1014 5258 1051 5326 et
1077 5249 1117 5324 in
1137 5248 1313 5325 absentia
1343 5246 1489 5324 Prioris
1516 5247 1771 5326 Provincialis

108 5372 193 5442 rost
218 5361 477 5463 principalem
507 5362 752 5460 Praelatum,
783 5366 950 5464 primam
985 5386 1147 5457 vocem,
1176 5365 1429 5464 primumque
1461 5360 1588 5437 locum
1626 5363 1785 5462 ubique

108 5491 137 5557 at
156 5476 198 5552 in
222 5478 411 5556 omnibus
430 5479 636 5558 obtinebit.
