3990 6082
38 325 41 329 ’
151 365 199 445 so
569 451 573 457 ,
654 361 1315 460 111111111111111111.

154 517 317 596 Ordinis
344 524 529 616 poterunt
556 516 757 593 interesse.
785 513 890 589 lnfra
916 534 1008 590 vero
1032 511 1351 612 quinquennium
1378 511 1428 588 ab
1453 512 1638 610 ingressu
1661 504 1815 585 Ordinis

154 633 306 710 Fratres
330 630 397 708 alii
427 653 506 708 non
534 630 790 707 admittantur
813 627 862 704 ad
889 627 1177 706 discussionem
1204 648 1357 721 eorum,
1382 648 1482 726 quae
1509 624 1560 704 ad
1595 620 1814 723 Capitulum

156 747 355 843 Generale,
385 745 444 824 rel
470 745 712 823 Provinciale
742 742 1075 833 summittenda:
1106 764 1178 819 nec
1201 740 1252 818 ad
1282 741 1513 821 electionem
1543 738 1652 818 Socii
1681 735 1817 815 Prioris

155 861 433 942 Conventualis
464 889 472 936 :
504 881 575 937 nec
600 859 649 937 ad
673 859 905 936 electionem
938 856 1157 934 Electorum
1188 854 1336 934 Primis
1368 853 1641 934 Provincialis.
1671 849 1817 929 Priores

155 1000 245 1055 cum
286 999 357 1055 suo
392 977 621 1069 Conventu,
660 973 842 1074 Capitulo
875 971 1111 1050 Provinciali
1147 970 1312 1070 singulis
1347 971 1461 1047 anuis
1488 969 1667 1048 scribant
1695 964 1818 1043 debita

156 1094 303 1171 domus
331 1113 448 1170 suae:
471 1101 510 1171 et
528 1113 663 1169 causas
690 1089 928 1168 debitorum.
952 1087 1145 1166 Similiter
1172 1088 1289 1164 etiam
1315 1085 1591 1178 Provinciales,
1623 1092 1816 1161 eteorum

157 1209 392 1287 Definitores
430 1236 437 1283 :
475 1229 632 1285 suarum
675 1205 807 1283 debita
848 1204 1167 1297 Provinciarum,
1204 1225 1293 1281 oum
1329 1203 1411 1280 suis
1453 1201 1606 1297 causis,
1646 1195 1817 1297 Capitulo

156 1325 330 1401 scribant
356 1323 550 1401 Generali.

204 1439 300 1517 ltem
332 1439 438 1517 nulla
462 1437 598 1539 petitio
625 1435 810 1515 offeratur
835 1435 1014 1536 Capitulo
1047 1434 1295 1530 Provinciali,
1321 1432 1396 1511 nisi
1421 1454 1444 1508 a
1472 1430 1679 1509 Conventu
1713 1456 1722 1503 :
1756 1451 1818 1506 nec

156 1554 352 1649 Generali,
371 1553 446 1630 nisi
464 1577 486 1629 a
501 1552 683 1651 Capitulo
703 1550 937 1629 Provinciuli
957 1549 1075 1628 fuerit
1092 1549 1319 1650 approbata.
1340 1546 1478 1625 Nullus
1493 1567 1588 1624 vero
1607 1544 1817 1645 Religiosus

155 1670 316 1747 alterius
341 1668 519 1754 Ordinis,
547 1666 605 1744 vel
633 1665 902 1765 professionis,
934 1664 1145 1765 nullusque
1170 1663 1392 1759 saecularis,
1421 1662 1707 1761 cuiuscumque
1735 1679 1816 1736 con·

156 1785 332 1878 ditionis,
371 1783 431 1859 vel
462 1782 678 1884 dignitatis,
713 1781 770 1858 vel
806 1780 908 1858 vitae
946 1809 953 1856 :
992 1780 1152 1858 secretis
1187 1778 1247 1856 vel
1281 1777 1512 1857 tractatibus
1550 1773 1722 1874 Capituli
1755 1773 1815 1849 ali·

157 1908 351 1999 quatenus
378 1898 619 1976 admittatur.
646 1896 759 1973 Prior
786 1904 916 1973 autem
948 1894 1219 1991 Provincialis,
1245 1903 1284 1972 et
1311 1892 1550 1970 Definitores
1575 1888 1619 1965 in
1650 1886 1814 1989 quolibet

159 2013 343 2112 Capitulo
366 2011 602 2090 Provinciali
625 2035 632 2082 :
654 2010 920 2088 determinent
937 2018 1108 2111 tempus,
1127 2016 1216 2087 ante
1233 2007 1340 2109 quod
1362 2008 1512 2085 Fratres
1527 2005 1579 2083 ad
1599 2001 1811 2104 Capitulum

159 2151 326 2226 sequens
354 2151 432 2206 non
466 2129 635 2205 veniant.

371 2359 435 2435 lic
471 2358 704 2458 Capitale
740 2356 1007 2436 Generali:
1052 2366 1279 2437 octonum
1306 2357 1612 2457 Capitulum.

160 2601 396 2780 Cmrruuuu
432 2583 622 2662 Generale
655 2607 732 2661 una
775 2583 858 2662 vice
894 2585 996 2662 ultra
1032 2594 1212 2680 montes,
1255 2583 1378 2663 altera
1416 2583 1499 2660 vice
1539 2582 1639 2659 citra
1677 2586 1806 2656 montes

248 2699 469 2778 alternatim
505 2699 553 2776 de
588 2699 760 2776 triennio
793 2701 834 2774 in
871 2700 1087 2777 triennium
1117 2700 1372 2778 celebretur:
1407 2698 1482 2776 nisi
1518 2696 1704 2797 Magistro
1736 2711 1804 2770 cun

162 2816 476 2907 Definitoribus,
513 2814 570 2892 vel
597 2836 687 2891 cum
714 2814 972 2893 discretorum
1007 2825 1160 2893 maturo
1190 2815 1382 2910 consilio,
1418 2836 1465 2891 ex
1501 2811 1677 2912 legitima
1702 2819 1738 2887 et
1759 2827 1805 2884 ur·

162 2929 388 3031 gentissima
417 2952 534 3008 causa
562 2930 661 3006 illud
688 2929 782 3006 alibi
818 2932 1027 3031 assignare,
1059 2939 1124 3007 aut
1151 2931 1390 3031 assignatum
1419 2927 1646 3023 transterre,
1669 2924 1727 3003 vel
1754 2942 1804 3023 per

162 3068 310 3124 annum
340 3045 592 3146 praevenire,
630 3054 696 3121 aut
730 3046 846 3122 etiam
883 3067 1093 3145 prorogare
1133 3047 1393 3123 necessarium
1429 3044 1642 3133 videatur;
1681 3051 1718 3118 et
1749 3033 1805 3114 nisi

163 3163 295 3240 obitus
323 3161 498 3260 Magistri
526 3160 727 3239 Generalis
755 3162 972 3240 acciderit:
1005 3184 1084 3263 quo
1113 3164 1328 3258 eveniente,
1352 3163 1416 3240 liat
1446 3163 1547 3239 sieut
1577 3162 1619 3236 in
1647 3154 1805 3259 Capitulo

164 3286 306 3379 quarto
325 3277 374 3355 de
397 3277 598 3355 Electione
616 3277 789 3375 Magistri
810 3277 970 3356 Ordinis
997 3287 1054 3356 est
1072 3278 1286 3355 decretum.
1310 3277 1500 3355 Praedicti
1523 3286 1655 3354 autem
1674 3273 1806 3374 triginta

164 3394 281 3470 unius
311 3393 606 3471 Provinciarum
652 3392 888 3469 Definitores
932 3394 971 3468 in
1005 3394 1164 3471 duobus
1198 3393 1424 3494 Capitulis3
1462 3392 1625 3492 triginta
1658 3401 1698 3468 et
1728 3406 1806 3465 uuus

166 3509 322 3586 Priores
363 3508 628 3586 Provinciales
664 3508 704 3582 in
741 3509 856 3585 tertio
894 3508 1074 3608 Capitulo
1110 3537 1117 3583 :
1161 3531 1249 3586 cum
1284 3508 1469 3608 Magistro
1503 3506 1669 3584 Ordinis
1698 3501 1805 3583 omnia

165 3622 367 3718 definient,
390 3625 642 3719 constituent,
663 3636 701 3701 et
722 3625 954 3703 tractabunt.
980 3623 1096 3720 Quod
1123 3624 1155 3700 si
1184 3624 1223 3698 in
1253 3630 1386 3723 partes
1416 3621 1600 3722 aequales
1626 3644 1668 3698 se
1692 3619 1807 3697 divise·

166 3739 247 3815 rint
279 3768 286 3814 :
322 3737 482 3815 illorum
510 3739 700 3817 sententia
729 3738 983 3840 praevalebit,
1015 3739 1056 3815 in
1083 3760 1253 3839 quorum
1279 3746 1429 3837 partem
1458 3737 1641 3838 Magister
1668 3730 1806 3814 Ordinis

166 3852 431 3930 declinaverit.
462 3854 501 3931 Si
527 3864 656 3933 autem
693 3855 731 3929 in
766 3865 896 3955 partes
924 3854 1178 3955 inaequales:
1210 3854 1384 3932 obtineat
1415 3853 1606 3931 sententia
1643 3849 1805 3951 plurium.

166 3967 208 4047 Si
234 3978 365 4045 autem
393 3990 463 4067 per
489 3970 779 4067 adiunctionem
808 3971 980 4072 Magistri
1009 3979 1140 4070 partes
1168 3969 1261 4046 liant
1286 3968 1500 4069 aequales:
1533 3988 1639 4045 unus
1670 3965 1808 4063 eligatur

167 4107 189 4160 a
227 4082 523 4179 Delinitoribus,
560 4086 778 4163 secundum
807 4085 914 4186 quod
942 4085 980 4161 in
1010 4085 1199 4163 electione
1235 4085 1494 4162 Definitorum
1529 4079 1806 4160 Provincialiuu

166 4207 224 4276 est
252 4206 456 4276 statutum.
478 4199 596 4296 Quod
624 4201 655 4276 si
683 4201 732 4277 ad
757 4201 994 4301 Capitulum,
1031 4200 1164 4300 aliquo
1196 4221 1287 4278 casu
1315 4198 1545 4299 praepediti,
1583 4219 1666 4275 non
1695 4210 1808 4274 omnes

166 4314 372 4392 venerint:
399 4313 471 4410 illi,
492 4337 592 4414 quos
617 4339 664 4392 ex
687 4317 782 4415 ipsis
808 4317 940 4394 venire
967 4315 1186 4416 contigerit,
1204 4336 1293 4392 oum
1314 4315 1499 4415 Magistro
1517 4311 1684 4391 Ordinis
1701 4305 1808 4388 omnia

167 4430 470 4530 pertractabunt.
1193 4428 1195 4432 ⁴

218 4544 258 4621 Si
292 4569 384 4624 vero
416 4547 643 4646 Magistrum
677 4546 810 4646 aliqua
838 4549 1045 4627 occasione
1071 4547 1207 4625 abesse
1234 4545 1465 4648 contigerit;
1494 4567 1598 4623 unus
1620 4546 1670 4624 de
1691 4537 1809 4623 Oetini·

169 4658 322 4736 toribus
351 4660 525 4756 eiusdem
562 4660 730 4760 Capituli
765 4662 813 4737 ab
844 4663 940 4760 ipsis
972 4662 1268 4758 Definitoribus,
1297 4661 1357 4738 vel
1390 4660 1528 4759 maiori
1559 4672 1668 4761 parte
1698 4672 1809 4738 eorum

170 4785 389 4850 assumatur
426 4774 465 4849 in
509 4775 681 4875 Magistri
721 4774 883 4852 Ordinis
922 4776 1125 4855 Vinarium
1164 4804 1171 4851 :
1208 4776 1275 4876 qui
1309 4775 1476 4853 durante
1510 4775 1692 4866 Capitulo
1732 4774 1811 4849 vices

170 4887 343 4987 Magistri
376 4898 486 4987 gerat
516 4889 557 4964 in
589 4890 775 4966 omnibus
805 4891 1022 4987 dumtaxat,
1052 4914 1153 4992 quae
1180 4891 1229 4968 111
1258 4901 1459 4987 tractatus,
1489 4902 1525 4968 et
1557 4901 1640 4969 acta
1669 4880 1811 4988 Capituli

172 5002 436 5102 pertinebunt.
467 5003 546 5099 Qui
588 5006 705 5081 etiam
738 5004 868 5082 locum
909 5007 1080 5110 Magistri
1118 5008 1263 5107 ubique
1302 5016 1447 5102 teneat,
1482 5005 1680 5082 Fidelium
1714 5004 1814 5091 dicat,

170 5116 369 5194 licentiam
414 5118 602 5219 loquendi
646 5119 826 5213 tribuat;
861 5133 898 5200 et
943 5124 1065 5222 possit
1112 5125 1329 5201 concedere
1371 5122 1519 5199 litteras
1553 5121 1604 5198 de
1637 5114 1819 5198 beneficiis

172 5232 349 5325 Ordinis,
374 5245 415 5311 ut
437 5235 645 5334 Magister:
671 5235 710 5310 in
743 5236 1038 5315 delinitionibus
1067 5260 1183 5315 unam
1214 5248 1363 5316 tantum
1391 5236 1533 5313 babeat
1550 5257 1701 5313 vocem.
1722 5225 1821 5333 Quod

171 5350 203 5425 si
231 5351 271 5425 in
299 5352 382 5449 ejus
409 5351 692 5450 assumptione,
725 5355 762 5427 in
797 5362 926 5453 partes
959 5354 1141 5454 aequales
1174 5377 1215 5430 se
1247 5351 1481 5430 diviserint:
1514 5373 1617 5429 unus
1644 5338 1702 5431 'de
1731 5368 1823 5453 prae

172 5465 349 5543 sentibus
386 5465 585 5542 Fratribus
619 5467 785 5569 eligatur
813 5468 863 5544 ab
896 5468 992 5569 ipsis
1011 5497 1021 5558 ;
1055 5481 1093 5546 et
1123 5469 1162 5543 in
1196 5491 1365 5569 quorum
1401 5468 1636 5545 senteutiam
1670 5467 1747 5548 iste
1774 5469 1824 5542 de·
