3990 6082
151 378 201 453 vs
485 370 584 453 nur.
617 371 669 452 u.
699 361 1081 450 nomenante.
1110 315 1496 476 tempranen.

151 524 299 602 dicant.
318 524 366 602 Et
385 523 460 602 boc
485 525 559 601 sub
587 523 744 602 silentio
766 551 774 599 :
800 523 842 598 iu
874 520 1060 618 Ecclesia,
1082 523 1141 601 vel
1165 526 1407 626 ubicumque
1434 524 1596 604 tuerint.
1619 524 1814 606 LocoPre·

152 641 251 718 tiosa
283 664 294 716 :
323 641 397 718 tria
432 641 550 717 Peter
574 647 703 717 noster
726 638 872 717 dicant.
911 638 988 717 Pro
1024 639 1306 719 Benedictione
1334 662 1494 719 mensae
1516 670 1525 717 :
1546 641 1669 720 Pater
1688 650 1811 736 uuam,

153 753 288 834 Gloria
308 756 437 853 Patri,
462 765 531 833 etc.
563 756 656 832 Post
680 775 855 831 mensam
871 775 945 852 pro
963 756 1112 852 gratiis,
1134 756 1208 834 tria
1234 753 1352 836 Pater
1373 765 1512 850 uuam,
1537 756 1676 836 Gloria
1703 760 1811 858 Patri,

151 880 221 948 etc.
242 870 331 948 :vel
354 871 552 949 Psalmum
573 870 754 948 Miserere
772 870 850 947 mel
875 868 990 962 Deus,
1016 871 1085 970 qui
1113 873 1257 952 sciunt.
1284 872 1521 952 Indumenta
1546 881 1607 952 tot
1643 875 1810 970 habeant,

154 996 252 1086 quot
268 987 388 1064 ceteri
409 988 577 1082 Fratres,
598 996 755 1088 praeter
773 1007 918 1085 cappas
938 1014 948 1076 ;
969 984 1058 1064 loco
1076 1010 1245 1087 quarum
1270 989 1440 1067 habeant
1470 990 1698 1090 scapularia
1716 991 1812 1092 longa

153 1108 192 1178 et
218 1102 293 1181 lata
322 1102 520 1203 usquead
545 1105 769 1203 juncturam
796 1101 900 1179 iuter
925 1124 1102 1201 pugnum
1127 1115 1162 1181 et
1191 1104 1398 1183 brachium
1426 1134 1434 1181 :
1473 1128 1574 1205 quae
1604 1106 1724 1183 etiam
1747 1129 1809 1184 nou

154 1218 234 1294 sint
255 1216 356 1312 alba,
379 1217 480 1296 sicut
498 1227 537 1295 et
552 1217 723 1313 tunicae,
744 1216 813 1294 sed
830 1216 975 1293 similis
993 1215 1139 1296 coloris
1157 1220 1293 1321 cappis
1311 1218 1568 1300 Clericorum.

208 1333 375 1411 Possunt
403 1343 441 1411 et
466 1333 598 1411 brevia
622 1333 739 1434 grisei
772 1331 919 1411 coloris
947 1331 1092 1411 babere
1116 1335 1339 1436 scapularia
1366 1365 1373 1411 :
1404 1336 1453 1413 ad
1482 1358 1712 1415 mensuram
1744 1359 1809 1414 sca·

154 1448 353 1550 pularium
384 1457 623 1527 nostrorum.
647 1448 705 1526 De
727 1448 902 1547 jeiuniis,
930 1447 1045 1544 cibis,
1068 1449 1333 1547 abstinentiis,
1354 1450 1497 1552 culpis,
1517 1463 1557 1530 et
1582 1452 1675 1530 aliis
1700 1453 1807 1531 omni·

153 1563 228 1640 bus
249 1591 256 1638 :
279 1562 335 1639 sic
353 1585 394 1640 se
422 1562 603 1657 babeant,
635 1562 736 1642 sicut
763 1572 802 1641 et
827 1561 983 1640 Clerici.
1016 1563 1061 1639 lu
1089 1564 1223 1643 labore
1247 1576 1376 1642 mmen
1400 1595 1410 1641 :·
1429 1587 1520 1643 cum
1547 1566 1606 1643 eis
1627 1566 1806 1646 Praelatus

155 1678 298 1777 poterit
323 1677 566 1778 dispensare.
597 1677 680 1756 Soli
708 1699 788 1755 non
816 1677 983 1756 vadant:
1018 1680 1086 1757 sed
1113 1702 1204 1759 curm
1232 1682 1340 1759 socio
1360 1680 1511 1761 Clerico
1529 1682 1592 1761 vel
1613 1681 1803 1762 converso.

153 1792 342 1870 Psalteria
370 1815 449 1872 non
478 1793 677 1871 habeant:
707 1815 779 1871 nec
807 1793 925 1872 etiam
950 1793 1106 1895 aliquos
1130 1795 1229 1876 alios
1253 1795 1425 1874 libellos.

382 2047 638 2104 onutntavouns
665 2047 709 2102 ΕΤ
734 2047 994 2108 nasammonas
1018 2028 1148 2102 rtem
1175 2048 1212 2101 lb
1235 2048 1407 2108 ctelvuno
1433 2051 1608 2107 danaum

445 2167 533 2221 APUD
560 2167 798 2223 Panrlltmtutt
826 2166 1039 2239 cusanam,
1065 2165 1157 2221 tutto
1184 2165 1313 2222 bouum
1336 2168 1557 2226 uccmuvu.

327 2428 329 2434 ·
402 2371 454 2451 De
480 2376 594 2454 certis
619 2375 920 2455 detrectabalbus
944 2381 981 2453 et
1007 2373 1351 2474 siupuluce'totibua
1374 2375 1582 2456 mundis:

693 2491 1043 2570 septemdecimae
1069 2489 1307 2588 Capitulum.

236 2745 411 2810 urcuuoua
442 2723 483 2799 in
508 2723 665 2824 publica
696 2723 989 2822 praedicatione,
1017 2721 1077 2799 vel
1103 2721 1144 2796 in
1169 2721 1373 2799 communi
1400 2743 1537 2800 coram
1564 2722 1806 2803 saecularium

176 2922 179 2928 ,
253 2835 521 2933 multitudine,
546 2838 630 2916 ullo
650 2847 828 2938 tempore
845 2837 1054 2918 Summum
1074 2835 1304 2915 Pontificem
1324 2834 1602 2935 didamaverit,
1623 2839 1681 2917 vel
1702 2840 1807 2940 ipsius

157 2975 365 3053 processus
383 2963 421 3032 et
447 2953 548 3032 lacta
568 2981 575 3029 ι
596 2954 655 3032 vel
680 2953 977 3033 irreverentiam
1001 2951 1219 3031 notabilem
1236 2952 1397 3043 lecerit;
1417 2952 1607 3032 carcerali
1625 2954 1806 3034 custodiae

157 3069 405 3169 mancipetur
426 3099 433 3145 :
456 3093 528 3147 nec
555 3070 648 3146 inde
675 3070 879 3166 liberetur,
907 3070 984 3148 nisi
1009 3091 1080 3170 per
1107 3066 1332 3168 Capitulum
1358 3066 1562 3163 Generale,
1588 3081 1626 3149 et
1654 3078 1805 3169 cogatur,

157 3185 187 3262 si
217 3186 425 3262 commode
458 3185 540 3262 lieri
581 3186 751 3284 poterit,
781 3186 823 3261 in
864 3185 1027 3286 publico
1055 3206 1250 3261 revocare.
1279 3183 1356 3278 Qui
1394 3195 1525 3261 autem
1553 3184 1596 3260 in
1641 3185 1805 3286 privato:

155 3309 365 3400 postquam
400 3324 471 3401 per
489 3312 608 3379 testes
627 3301 825 3401 legitimos
843 3301 1079 3392 constiterit,
1101 3299 1161 3376 vel
1184 3297 1425 3396 judicialiter
1450 3300 1657 3379 confessus
1681 3299 1806 3383 suerit;

155 3437 281 3516 poena
320 3416 508 3514 gravioris
550 3416 687 3517 culpae
715 3417 930 3516 puniatur:
961 3429 997 3494 et
1026 3416 1100 3492 nisi
1129 3437 1199 3515 per
1226 3414 1470 3492 Provinciale
1498 3415 1737 3516 Capitulum,
1761 3411 1806 3490 vel

158 3554 227 3631 per
253 3530 428 3609 Priorem
458 3531 758 3621 Provincialem
791 3532 841 3610 de
874 3539 1027 3611 maturo
1052 3528 1220 3610 consilio
1247 3529 1525 3628 discretorum,
1556 3554 1649 3610 cum
1684 3553 1728 3609 eo
1752 3526 1808 3604 mi·

158 3647 265 3721 nime
292 3645 555 3746 dispensetur.

207 3760 393 3837 llamdem
418 3784 585 3859 poenam
612 3762 794 3842 incurrat
811 3762 1052 3863 quicumque
1072 3762 1321 3857 Praesidens,
1341 3761 1401 3842 vel
1425 3762 1558 3841 Frater
1586 3763 1802 3857 Conventus,

156 3874 216 3954 vel
244 3876 486 3973 Provinciae,
509 3880 575 3978 qui
604 3879 885 3957 renuntiaverit
910 3878 1026 3987 alicui
1054 3878 1258 3981 privilegio
1287 3886 1423 3958 nostro
1450 3877 1595 3957 Ordini
1624 3899 1802 3966 concess

155 3990 305 4092 absque
333 3991 535 4070 Generalis
561 3994 730 4096 Capituli
757 4017 921 4073 assensu
944 4023 951 4071 :
974 3995 1058 4072 sine
1086 3996 1197 4093 cujus
1227 4016 1391 4073 assensu
1418 4017 1581 4074 omnem
1601 3991 1803 4096 hujusmodi

155 4107 506 4204 renuntiationem,
537 4109 877 4211 qualitercumque
901 4109 1056 4207 factam,
1089 4110 1237 4188 nullius
1264 4110 1448 4189 volumus
1475 4133 1562 4189 esse
1584 4112 1737 4191 roboris
1758 4105 1801 4184 vel

155 4223 360 4302 momenti.
397 4225 442 4301 ln
481 4248 561 4325 quo
589 4227 772 4305 similiter
807 4249 902 4304 casu
929 4226 1099 4304 similem
1135 4248 1305 4327 poenam
1342 4225 1548 4305 incurrant
1588 4229 1802 4329 quicumque

155 4338 441 4436 Praesidentes,
462 4348 530 4418 aut
548 4343 716 4437 Fratres,
735 4341 816 4419 sive
836 4341 1059 4420 Conventus
1077 4371 1083 4417 :
1100 4344 1168 4441 qui
1188 4342 1273 4419 sine
1287 4364 1403 4420 causa
1419 4341 1592 4440 legitima
1608 4352 1649 4421 et
1665 4350 1802 4442 urgente

154 4451 394 4553 litigaverint
414 4468 480 4533 aut
498 4455 780 4556 appellaverint
798 4466 935 4535 contra
955 4457 1217 4536 Dioecesanos
1234 4480 1518 4558 quoscumque.
1541 4458 1653 4536 ldem
1684 4459 1746 4536 fiat
1767 4452 1803 4530 de

153 4564 253 4645 falso
280 4577 521 4667 accusatore,
551 4571 610 4649 vel
642 4582 740 4650 teste
774 4571 950 4673 legitime
973 4572 1167 4669 convicto,
1189 4571 1250 4649 vel
1274 4573 1518 4671 judicialiter
1535 4573 1716 4652 confesso
1741 4601 1748 4648 :
1773 4569 1801 4643 in

154 4684 315 4760 materia
332 4685 547 4783 praedicta.
570 4687 737 4766 Praelati
758 4710 865 4784 vere,
890 4688 958 4789 qui
983 4689 1022 4763 in
1050 4688 1287 4790 corrigendo
1313 4687 1543 4788 hujusmodi
1570 4700 1804 4790 transgresso·

154 4819 231 4893 res,
252 4798 398 4877 inventi
419 4801 564 4879 fuerint
592 4803 860 4904 negligentes;
885 4825 956 4903 per
982 4803 1172 4880 Cenerale
1198 4802 1259 4900 vel
1288 4803 1534 4883 Provinciale
1561 4803 1803 4905 Capitulumt

154 4913 235 4991 suis
273 4912 414 4992 officiis
446 4917 700 4996 absolvantur
736 4919 776 4994 in
811 4918 1358 5019 poenam101praeterhoc
1391 4920 1531 5020 poenis
1563 4919 1656 4998 aliis
1674 4916 1805 5021 gravius

156 5030 378 5130 puniantur.

206 5147 302 5225 item
322 5150 563 5250 quicumque
593 5152 633 5227 in
655 5160 789 5229 nostro
810 5151 962 5231 Ordine
982 5153 1129 5232 inventi
1157 5153 1304 5233 fuerint
1328 5154 1566 5255 singularem
1581 5154 1700 5233 vitam
1730 5172 1808 5255 quc

156 5285 326 5363 cumque
345 5267 465 5344 modo
484 5267 668 5344 vitiosam
686 5268 888 5363 ducentes,
909 5279 947 5346 et
970 5279 1105 5347 eontra
1123 5292 1385 5350 communem·
1404 5270 1568 5348 modum
1585 5270 1738 5349 vivendi
1754 5270 1809 5348 diu

155 5379 204 5455 ab
240 5379 391 5458 Ordine
418 5381 711 5481 approbatum;
741 5385 871 5484 primo
909 5395 1144 5464 moneantur
1166 5415 1173 5461 :
1196 5395 1234 5464 et
1258 5386 1290 5464 si
1318 5385 1525 5479 admoniti,
1554 5387 1719 5465 correcti
1744 5407 1807 5465 nou

157 5492 316 5591 luerint,
339 5506 585 5596 separentur,
607 5511 646 5576 et
680 5501 719 5575 in
752 5498 919 5579 diversis
950 5502 1218 5599 Conventibus
1249 5514 1461 5602 ponantur.
1493 5503 1540 5580 Et
1573 5501 1609 5579 si
1627 5501 1804 5583 incudem
