3990 6082
722 372 779 435 tlt:
817 372 1044 442 institutit.
1635 302 1731 413 llll

136 514 427 615 DOffljana
457 512 532 611 ΙΙΙ
968 481 1291 591 secandum
1317 483 1665 626 Matlhaeulll.

112 666 145 734 N
163 631 258 736 illo
283 634 549 767 te'mpore.
574 626 926 733 Ascenddnte
951 626 1159 732 lesuin
1188 630 1498 745 naviculam
1527 659 1538 733 ε
1567 633 1738 747 εεεύιί

50 701 265 921 Ιειιηι
284 808 414 879 eum
434 770 689 911 discipuli
709 771 842 909 ejus.
870 770 939 874 Et
960 805 1085 878 ecee
1107 792 1291 878 motus
1313 807 1544 910 magnus
1565 773 1741 880 lactus

54 923 230 1026 estin
257 918 412 1040 mari,
439 917 516 1020 ita
548 935 612 1021 ut
653 917 903 1022 navicula
941 919 1255 1057 operiretur
1292 918 1556 1027 lldctibus
1585 949 1596 1022 :
1626 921 1742 1060 ipse

54 1100 195 1172 vero
221 1061 552 1169 dormiebat.
583 1060 672 1165 Tu
703 1080 911 1175 autem.

141 1237 297 1336 Domi
308 1236 426 1337 „103
460 1233 546 1336 {tq
971 1203 1292 1314 Sectindum
1320 1207 1665 1315 Matthaemn.

119 1390 150 1460 rt
189 1353 282 1457 illo
322 1354 606 1490 tdmpore:
641 1348 786 1453 Dixit
811 1349 966 1453 lesus
1004 1352 1183 1456 turbis
1210 1352 1532 1493 pardbolam
1572 1353 1736 1467 hanc.

65 1395 112 1612 l
139 1498 324 1604 Simile
349 1495 563 1602 factum
583 1513 664 1601 est
684 1528 914 1633 regnum
945 1495 1206 1600 caeldrum
1232 1529 1242 1599 :
1266 1497 1500 1618 hdmini‚
1528 1498 1626 1633 qui
1653 1531 1739 1601 se·

63 1644 297 1751 mintivit
323 1642 538 1745 bonum
560 1674 745 1746 semen
775 1641 831 1743 in
853 1673 985 1775 agro
1011 1674 1129 1746 suo.
1160 1639 1304 1745 Cum
1330 1658 1515 1747 autem
1539 1639 1742 1745 dormi·

61 1807 189 1895 rent
228 1786 481 1893 hdmines
503 1818 513 1890 :
538 1784 691 1891 venit
733 1786 993 1891 inimicus
1030 1785 1163 1922 ejus,
1194 1804 1248 1890 et
1277 1786 1740 1926 supersemindvit

63 1933 275 2041 ziza'nia
301 1932 357 2036 in
381 1927 567 2036 mddio
594 1930 780 2051 tritici,
808 1947 860 2034 ει
882 1929 1037 2038 tibiit.
1062 1927 1150 2034 Tu
1173 1948 1379 2039 autem.

145 2102 158 2201 ι
159 2106 279 2202 tm„
287 2103 321 2200 j,
328 2103 428 2203 ,1021
458 2099 519 2200 tf,
973 2071 1295 2183 Secundum
1320 2073 1664 2183 Matthaeutn.

122 2258 150 2328 s
190 2222 284 2327 illo
322 2224 604 2360 tdntpore:
637 2217 786 2323 Dixit
823 2216 978 2322 lesus
1018 2221 1198 2326 turbis
1228 2220 1546 2360 pardbolam
1574 2219 1736 2324 hane.

72 2256 115 2475 l
141 2365 325 2473 Simile
345 2382 422 2470 est
452 2396 685 2502 regnum
712 2365 973 2468 eaeldrum
1005 2396 1175 2502 grano
1201 2367 1405 2508 sindpis
1428 2397 1438 2469 :
1464 2364 1617 2502 quod
1647 2397 1740 2468 ac·

66 2513 278 2653 cipiens
315 2513 486 2617 homo
524 2508 813 2614 semindvit
850 2509 909 2611 in
940 2543 1071 2648 agro
1098 2545 1214 2616 suo.
1240 2509 1403 2634 Quod
1444 2510 1736 2617 minimum

63 2654 300 2798 quidem
326 2672 406 2761 est
431 2654 695 2759 dmnibus
720 2655 1059 2760 seminibus:
1089 2691 1218 2769 oum
1260 2674 1448 2761 autem
1486 2654 1735 2776 asciverit,

63 2798 247 2939 majus
271 2817 351 2907 est
372 2798 636 2905 dmnibus
656 2799 916 2905 ole'ribus
945 2798 1034 2904 Tu
1062 2819 1270 2909 autem.

141 2964 425 3068 Dotninica
447 2967 500 3065 in
528 2966 592 3067 Se
615 2970 953 3102 ttuagesinla.
971 2944 1293 3052 Secllndum
1313 2943 1662 3051 Mallhaeum·

67 3120 150 3337 ΙΝ
175 3091 269 3196 illo
293 3093 576 3231 tempore:
652 3087 752 3193 ixit
775 3088 932 3194 lesus
971 3088 1253 3232 discipulis
1279 3091 1390 3194 suis
1418 3086 1736 3230 pardbolam

143 3237 304 3343 hanc.
331 3231 515 3341 Simile
539 3249 621 3340 est
646 3267 880 3372 regnum
908 3235 1167 3342 eaeldrutn
1197 3233 1409 3346 hdmini
1431 3232 1737 3374 patrifami-

61 3381 198 3487 lias:
225 3383 323 3518 qui
360 3379 493 3486 dxiit
530 3377 710 3518 primo
737 3414 900 3485 mane
926 3380 1238 3490 eonddeere
1275 3380 1551 3521 operirios
1575 3378 1633 3484 in
1655 3378 1736 3479 vl·

61 3560 230 3634 neam
253 3559 425 3631 suam.
448 3522 536 3628 Tu
562 3541 768 3631 autem.

144 3687 423 3790 Ddtninioa
448 3690 500 3788 in
526 3686 880 3826 Sexagesitna.
1097 3668 1414 3775 Secundum
1436 3667 1660 3773 Lucam·

119 3850 150 3919 tt
194 3813 287 3919 illo
326 3817 586 3953 tdmpore.
621 3811 764 3920 Cum
796 3816 962 3920 turba
1003 3817 1240 3957 pldrima
1280 3813 1654 3935 convenirent,
1681 3829 1737 3916 et

68 3845 119 4065 Ι
140 3958 210 4067 de
233 3960 547 4069 civildtibus
586 3962 947 4102 properdrent
967 3960 1036 4066 ad
1054 3961 1243 4066 lesum
1265 3993 1276 4066 :
1302 3961 1441 4065 dixit
1462 3992 1561 4098 per
1579 3956 1735 4062 simi·

55 4103 374 4217 litddinem.
403 4103 549 4211 Exiit
588 4108 684 4243 qui
725 4109 993 4215 sdminat:
1022 4107 1291 4212 seminare
1326 4138 1511 4215 semen
1549 4137 1733 4207 suum.

56 4248 152 4356 Tu
179 4269 384 4356 autem.

144 4408 425 4513 {lominica
450 4412 1014 4570 ‘in'tlt-linquagtstma,
1088 4393 1407 4502 Sectindum
1433 4393 1661 4498 Lucam·

120 4573 150 4644 tt
187 4537 280 4643 illo
299 4540 560 4680 timpore.
585 4539 894 4681 Assumpsit
919 4541 1076 4647 lesus
1095 4540 1415 4664 duddeeim‚
1438 4557 1492 4644 et
1511 4539 1588 4650 ait
1607 4537 1730 4643 illis.

140 4680 283 4789 Εεεε
307 4684 652 4792 ascdnditnus
672 4686 1096 4831 lerosdlymam:
1121 4708 1175 4795 et
1195 4684 1734 4795 consummabdntur

56 4828 405 4967 dmnia‚quae
424 4832 627 4973 scripta
646 4853 779 4939 sunt
800 4870 898 4975 per
917 4836 1217 4977 prophdtas
1238 4835 1307 4940 de
1321 4834 1454 4938 Filio
1471 4827 1730 4937 hdminis

56 4970 157 5079 Tu
175 4988 379 5080 autem.
1055 5018 1058 5023 ⁴

142 5130 183 5233 F
185 5136 291 5237 etia
319 5133 406 5238 tv.
433 5134 712 5241 (inerunt.
967 5122 1286 5231 Sectindutn
1310 5121 1655 5228 Malthaeum.

63 5284 146 5509 Is
192 5262 285 5367 illo
334 5267 575 5407 te'mpore
620 5303 631 5375 :
686 5269 837 5375 Dixit
886 5272 1044 5378 lesus
1093 5268 1378 5410 discipulis
1416 5267 1543 5380 suis.
1585 5260 1727 5367 Cum

137 5404 395 5546 jejuntilis
418 5441 429 5513 :
458 5409 626 5519 nolite
667 5412 783 5521 lieri
810 5418 957 5523 sicut
980 5416 1292 5561 hypdcritae
1314 5414 1509 5518 tristes.
1532 5407 1729 5517 Extdr·

1023 5594 1238 5731 Ν.
