3990 6082
567 403 715 503 Regulo
741 404 787 481 B.
816 405 1027 505 Augustini
1042 405 1232 507 Episcopi.
1720 405 1744 483 b

63 554 132 635 vel
150 554 270 634 etiam
288 554 469 633 criminis
487 555 643 653 objectu
664 553 838 655 aliquem
859 554 1018 632 laeserit
1040 583 1051 646 ;
1082 555 1308 635 meminerit
1325 555 1587 636 satisfactione
1605 562 1744 656 quant-

65 671 180 749 ocius
195 693 336 750 curare
354 670 463 772 quod
480 669 573 748 iecit
592 698 600 746 :
625 676 664 748 et
683 669 763 765 ille,
785 668 855 770 qui
872 668 1002 747 laesus
1023 679 1096 766 est,
1116 671 1203 750 sine
1221 672 1507 773 disceptatione
1527 671 1740 751 dimittere.

68 784 113 863 Si
140 794 272 865 autem
301 787 472 865 invicem
491 807 532 863 se
554 784 752 878 laeserint,
771 784 939 862 invicem
958 785 1033 862 sibi
1052 784 1185 863 debita
1202 787 1376 865 relaxare
1394 786 1554 884 debent,
1575 795 1740 887 propter

66 903 271 982 orationes
295 909 443 981 uestras
471 930 478 978 :
510 923 607 1002 quas
633 899 771 1001 utique
801 909 948 999 quanto
966 900 1186 979 crebriores
1205 901 1374 994 habetis,
1394 911 1504 981 tanto
1524 901 1739 981 sanctiores

17 1008 23 1013 ’
68 1016 219 1097 babere
246 1016 411 1096 debetis.
441 1015 582 1095 Melior
606 1020 666 1094 est
691 1022 835 1111 autem,
864 1016 931 1114 qui
959 1015 1140 1115 quamvis
1169 1016 1228 1092 ira
1255 1038 1369 1117 saepe
1396 1023 1578 1105 tentetur,
1608 1024 1737 1095 tamen

64 1135 282 1234 impetrare
311 1131 482 1228 festinat,
512 1140 557 1208 ut
582 1128 659 1207 sibi
683 1128 868 1224 dimittat,
889 1130 952 1207 cui
981 1152 1022 1207 se
1040 1129 1180 1208 fecisse
1198 1131 1569 1231 agnoscitinjuriam
1593 1151 1737 1231 :quam

68 1249 142 1351 qui
168 1246 319 1328 tardius
345 1245 543 1342 irascitur,
567 1253 605 1323 at
622 1243 673 1321 ed
690 1245 845 1322 veniam
863 1244 1071 1344 petendam
1092 1246 1243 1324 tardius
1263 1246 1484 1325 inclinatur.
1506 1246 1584 1343 Qui
1607 1253 1737 1324 autem

67 1384 276 1464 nunquam
305 1361 388 1441 vult
414 1368 546 1462 petere
571 1359 739 1454 veniam,
768 1369 835 1437 aut
861 1380 939 1438 non
966 1383 1014 1438 ex
1039 1361 1172 1438 animo
1197 1362 1295 1461 petit
1322 1391 1330 1439 ι
1360 1362 1444 1440 sine
1469 1383 1584 1440 causa
1611 1361 1736 1441 estin

67 1478 322 1574 Monasterio,
351 1477 471 1555 etiam
502 1475 533 1554 si
565 1473 658 1552 inde
687 1496 766 1552 non
793 1475 1037 1574 projiciatur.
1069 1475 1237 1554 Proinde
1264 1477 1374 1557 vobis
1400 1502 1421 1555 a
1447 1477 1577 1556 verbis
1603 1475 1737 1556 durio·

69 1595 186 1673 ribus
212 1593 372 1695 parcite.
405 1591 516 1688 Quae
542 1590 574 1666 si
603 1589 749 1667 emissa
781 1589 927 1667 fuerint
952 1612 999 1666 ex
1025 1613 1093 1669 ore
1122 1600 1250 1671 vestro
1281 1621 1288 1668 :
1320 1614 1399 1671 non
1425 1592 1553 1694 pigeat
1579 1613 1622 1671 ax
1649 1592 1736 1694 ipso

70 1733 143 1792 ore
185 1708 361 1810 proferre
403 1706 702 1802 medicamenta,
749 1706 855 1783 unde
900 1705 997 1784 lacta
1046 1712 1138 1785 sunt
1175 1708 1350 1786 vulnera.
1397 1707 1566 1807 Quando
1609 1715 1738 1787 autem

71 1826 287 1906 necessitas
312 1821 550 1924 disciplinae
580 1822 620 1896 in
647 1821 827 1899 moribus
854 1823 1083 1900 coercendis
1114 1822 1246 1902 dicere
1272 1846 1342 1902 vos
1368 1823 1465 1902 dura
1493 1824 1609 1903 verba
1636 1843 1740 1902 com·

71 1941 215 2045 pellit;
242 1939 395 2018 etiamsi
424 1938 500 2039 ipsi
526 1959 597 2016 ros
623 1936 787 2015 modum
814 1938 1027 2016 excessisse
1054 1939 1233 2035 sentitis,
1264 1961 1344 2019 non
1370 1963 1390 2018 a
1419 1940 1529 2019 robis
1555 1938 1740 2043 exigitur,

72 2066 119 2137 ut
151 2080 174 2134 a
201 2055 313 2135 vobis
352 2052 523 2134 subditis
549 2053 704 2130 veniam
736 2052 945 2152 postuletis
977 2082 984 2129 :
1015 2076 1065 2132 ne
1091 2056 1198 2155 apud
1221 2077 1317 2151 eos,
1348 2077 1448 2156 quos
1475 2059 1632 2156 oportet
1658 2074 1744 2132 esse

73 2175 286 2274 sanectos,
315 2171 411 2250 dum
439 2170 607 2248 nimium
641 2177 816 2247 servatur
846 2169 1066 2266 humilitas,
1097 2170 1256 2273 regendi
1284 2169 1487 2271 frangatur
1514 2169 1742 2249 auctoritas.

69 2291 151 2373 Sed
178 2301 307 2370 umen
337 2288 503 2390 petenda
531 2295 589 2365 est
616 2286 729 2364 venia
756 2286 804 2364 ab
832 2288 1012 2364 omnium
1044 2287 1214 2367 llomino
1244 2318 1251 2366 :
1283 2291 1350 2390 qui
1384 2288 1492 2368 novit
1516 2311 1613 2384 eos,
1642 2310 1744 2388 quos

73 2410 165 2510 plus
189 2408 294 2506 justo
317 2405 417 2485 torte
445 2404 661 2502 corripitis,
694 2409 843 2502 quanta
869 2402 1143 2482 benevolentia
1175 2404 1361 2505 diligatis.
1394 2404 1479 2483 Non
1509 2412 1638 2483 autem
1661 2425 1742 2482 car-

73 2523 178 2602 nalis
207 2551 216 2598 :
246 2520 314 2600 sed
341 2518 558 2620 spiritualis
593 2519 696 2596 inter
722 2540 792 2596 vos
818 2516 935 2597 debet
961 2540 1047 2597 esse
1073 2519 1247 2599 dilectio.
1281 2521 1511 2622 Praeposito
1538 2529 1740 2621 tamquam

76 2638 182 2717 Patri
216 2635 423 2717 obediatur
454 2661 461 2711 :
491 2633 616 2712 multo
647 2633 772 2733 magis
801 2633 1049 2734 Presbytero,
1084 2636 1153 2736 qui
1190 2636 1367 2715 omnium
1404 2647 1575 2715 vestrum
1607 2654 1740 2713 curam

73 2754 188 2857 gerit.
228 2752 278 2831 Ut
316 2773 407 2852 ergo
442 2758 581 2828 cuncta
613 2750 688 2827 ista
715 2757 933 2846 serventur,
967 2757 1005 2828 et
1040 2751 1072 2828 si
1100 2752 1199 2852 quid
1228 2752 1360 2831 minus
1387 2760 1578 2832 servatum
1608 2748 1738 2837 luerit.

75 2891 156 2948 non
195 2867 433 2968 negligenter
476 2874 774 2966 praetereatur,
820 2864 890 2942 sed
928 2875 971 2943 ut
1010 2866 1340 2964 emendandum,
1385 2867 1742 2969 corrigendumque

73 2993 262 3064 curetur:
291 2982 341 3060 ad
369 2982 642 3083 Praepositum
671 2980 881 3080 praecipue
908 2982 1137 3081 pertinebit,
1164 2994 1207 3062 ut
1231 2984 1281 3061 ad
1311 2985 1600 3085 Presbyterum,
1631 2981 1741 3081 cujus

73 3110 135 3179 est
164 3098 271 3198 apud
300 3118 368 3176 vos
394 3098 518 3197 major
535 3096 762 3191 auctoritas,
786 3094 941 3193 referat,
960 3098 1069 3198 quod
1089 3100 1190 3176 vires
1210 3099 1266 3176 rel
1290 3100 1452 3178 modum
1469 3102 1553 3198 ejus
1571 3094 1737 3177 excedit,

74 3217 166 3318 lpse
207 3235 329 3310 vero,
362 3213 430 3314 qui
461 3211 576 3291 vobis
608 3221 762 3312 praeest
795 3240 802 3288 :
832 3233 909 3289 non
946 3235 987 3291 se
1022 3215 1218 3293 existimet
1252 3224 1441 3315 potestate
1476 3213 1736 3308 dominante,

74 3329 144 3411 sed
177 3329 335 3408 caritate
371 3328 562 3406 serviente
588 3327 758 3405 felicem.
795 3327 956 3407 Honore
987 3351 1123 3410 coram
1154 3331 1266 3409 vobis
1298 3331 1497 3411 Praelatus
1521 3330 1570 3409 sit
1594 3327 1735 3407 vobis:

72 3447 218 3526 timore
244 3466 375 3523 coram
403 3443 501 3533 Deo,
532 3443 754 3521 substratus
782 3443 833 3522 sit
860 3444 1030 3545 pedibus
1053 3448 1204 3525 vestris.
1235 3447 1346 3526 Circa
1375 3469 1513 3528 omnes
1535 3473 1542 3522 :
1563 3444 1737 3545 seipsum

72 3565 272 3642 bonorum
312 3581 476 3661 operum
513 3558 699 3660 praebeat
740 3560 981 3660 exemplum.
1020 3561 1215 3663 Corripiat
1251 3563 1480 3665 inquietos,
1514 3557 1739 3640 consoletur

71 3675 374 3780 pusillanimes;
397 3675 584 3775 suscipiat
609 3673 820 3752 infirmos:
850 3677 1003 3776 patiens
1021 3680 1070 3757 sit
1088 3679 1137 3756 ad
1154 3701 1304 3757 omnes.
1328 3677 1585 3779 Disciplinam
1611 3674 1740 3753 libens

71 3792 215 3871 babeat
242 3821 249 3868 :
280 3790 512 3869 metuendus
555 3790 746 3890 imponat.
796 3792 844 3869 Et
886 3794 1068 3893 quamvis
1113 3804 1324 3896 utrumque
1358 3795 1409 3874 sit
1443 3791 1736 3879 necessarium;

71 3918 206 3988 tamen
244 3907 332 4009 plus
363 3906 488 3984 amari
515 3928 538 3982 a
564 3905 676 3984 vobis
708 3918 883 4007 appetat,
914 3931 1034 4009 quam
1063 3912 1193 3990 timeri
1226 3941 1233 3989 :
1265 3931 1422 4013 semper
1452 3910 1629 4011 cogitans
1658 3908 1741 3987 ltao

73 4046 117 4104 se
147 4045 220 4125 pro
251 4023 362 4101 vobis
393 4021 641 4101 redditurum
675 4044 760 4100 esse
789 4025 996 4102 rationem.
1037 4026 1156 4105 Unde.
1183 4038 1220 4106 et
1254 4050 1324 4107 voe
1352 4027 1473 4127 magis
1499 4023 1738 4119 obediendo,

74 4162 154 4221 non
194 4139 321 4218 solum
356 4138 489 4235 vestri,
524 4138 741 4217 sedetiam
778 4139 904 4240 ipsius
939 4142 1182 4221 miseremini
1208 4173 1214 4221 :
1243 4144 1309 4246 qai
1343 4144 1446 4223 inter
1481 4164 1564 4236 vos,
1593 4149 1742 4243 ‹prrauto

73 4258 116 4335 in
154 4255 243 4334 loco
275 4254 485 4356 superiori,
515 4263 624 4335 tauto
651 4255 692 4331 in
724 4255 901 4355 periculo
936 4259 1075 4359 majori
1102 4272 1292 4340 versatur.
1322 4259 1450 4340 ltonet
1481 4258 1672 4339 ltourinuu
1702 4264 1743 4335 ut

71 4371 287 4451 observetis
321 4371 605 4467 haecomnia,
644 4377 848 4473 tamquam
879 4371 1099 4474 spiritualis
1137 4376 1418 4479 pulcritudinis
1445 4384 1673 4471 amatorea3
1702 4383 1740 4453 et

71 4489 180 4568 bono
198 4485 340 4566 Christi
379 4486 501 4565 odore
531 4487 581 4564 de
618 4488 723 4592 bona
757 4499 885 4567 vestra
920 4493 1218 4572 conversatione
1247 4494 1462 4593 fragrantes
1492 4521 1499 4569 :
1531 4514 1606 4570 nun
1638 4492 1740 4570 sicut

73 4603 175 4683 servi
208 4602 281 4681 sub
315 4602 411 4704 lege,
446 4602 514 4680 sad
551 4604 654 4682 sicut
691 4603 806 4682 liberi
842 4605 916 4683 sul)
951 4608 1073 4707 gratia
1110 4610 1326 4689 constituti.
1361 4608 1409 4687 Ut
1441 4618 1571 4689 autem
1600 4630 1667 4687 vos
1698 4606 1737 4683 in

73 4718 208 4798 libello
244 4719 320 4796 hoc
352 4727 554 4819 tamquam
589 4720 631 4796 iu
664 4720 827 4822 speculo
863 4724 1023 4823 possitis
1051 4725 1248 4826 inspicere
1279 4754 1285 4803 :
1319 4748 1366 4803 nc
1395 4748 1464 4827 per
1495 4723 1736 4804 oblivionem
1817 4757 1823 4771 ·

75 4834 225 4937 aliquid
250 4834 478 4935 negligatur,
499 4835 620 4913 semel
639 4836 679 4912 in
706 4837 926 4939 septimana
947 4841 1059 4919 rolris
1079 4840 1244 4943 legatur.
1270 4842 1314 4921 tlt
1336 4842 1402 4919 ubi
1428 4864 1495 4921 vos
1516 4838 1742 4919 irrvunuritia

72 4976 130 5047 ea,
163 4973 251 5052 quae
278 4951 423 5051 scripta
454 4961 559 5037 sunt,
594 4951 783 5033 iacientes
805 4957 934 5055 :agite
959 4960 1101 5059 gratius
1136 4960 1306 5040 llrrnrino
1336 4962 1531 5039 bonorum
1558 4956 1737 5037 ‹rrrurium

74 5067 264 5169 largitori.
313 5065 389 5144 Ubi
429 5077 558 5145 autem
600 5069 677 5147 sibi
722 5073 966 5175 ‹pricumquc
1011 5088 1183 5156 vestrum
1221 5079 1363 5158 villerit
1393 5074 1543 5179 aliquid
1577 5074 1737 5163 (terrerum

72 5184 202 5263 doleat
227 5181 276 5261 de
299 5183 522 5284 praeterito,
553 5195 684 5265 caveat
712 5190 762 5267 de
789 5191 921 5269 tuturo
943 5221 950 5268 ε
974 5215 1093 5273 oram
1118 5206 1159 5275 ut
1189 5195 1264 5275 ritu
1294 5194 1471 5272 ‹tutrituur
1502 5189 1738 5285 dimittatur,

70 5313 110 5382 et
133 5300 175 5379 in
203 5298 456 5378 tentationem
484 5323 560 5379 non
593 5304 816 5387 inducatur.

436 5532 609 5635 Explicit
633 5538 781 5643 [tepula
808 5544 910 5626 barti
937 5548 1149 5649 departiri
1175 5545 1366 5651 ttpiarrrpt',
