3990 6082
163 396 209 474 18
753 398 850 479 Dist.
870 397 903 477 l.
923 400 978 477 De
994 396 1088 477 Levi
1107 395 1243 498 Catlpc.

163 548 483 630 Professionenr:
518 548 574 627 ibi
603 549 778 628 notando
803 573 967 647 annum,
997 570 1186 643 mensem,
1209 555 1248 626 et
1275 548 1396 636 diem,
1420 557 1460 628 et
1488 571 1636 630 nomen
1667 550 1810 630 Praelati

161 665 387 766 recipientis
413 665 461 743 ad
491 664 793 765 Professionem,
821 677 858 746 et
885 666 958 746 sub
986 688 1067 768 quo
1095 665 1280 764 Magistro
1305 664 1482 744 Ordinis.

325 897 392 974 lte
418 896 547 975 beni
580 898 782 1019 Culpa:
817 897 1293 978 seatcmdectmcm
1332 895 1669 996 Capitulum.

1853 926 1857 1083 1

230 1134 305 1186 nvrs
332 1110 447 1211 culpa
474 1120 547 1208 est,
567 1112 600 1189 si
628 1114 719 1212 quis
737 1135 838 1208 mox,
861 1123 903 1193 ut
929 1113 1086 1214 signum
1112 1113 1257 1193 factum
1283 1111 1413 1205 faerit,
1434 1134 1515 1191 non
1537 1111 1690 1190 relictis
1707 1110 1814 1190 omni·

245 1226 319 1303 bus
346 1248 435 1304 cum
469 1236 618 1305 matura
645 1227 907 1324 festinatione,
926 1226 1083 1307 differat
1109 1251 1151 1307 se
1177 1251 1442 1330 praeparare:
1473 1236 1514 1307 ut
1542 1228 1591 1307 ad
1623 1227 1816 1306 Ecclesiam

84 1348 89 1357 '
160 1340 339 1419 ordinate
369 1353 405 1420 et
432 1344 664 1442 composite,
693 1344 852 1445 quando
879 1344 1076 1431 debuerit,
1105 1344 1248 1424 veniat.
1278 1344 1320 1423 Si
1348 1345 1439 1445 quia
1464 1345 1516 1422 ad
1544 1343 1685 1423 Gloria
1717 1343 1817 1445 primi

164 1456 306 1532 Psalmi
338 1480 417 1536 uon
447 1458 629 1538 adfuerit.
652 1460 692 1538 Si
721 1461 811 1562 quis
843 1462 887 1537 in
914 1460 1046 1539 Cboro
1074 1460 1176 1538 male
1207 1458 1374 1562 legendo
1401 1460 1460 1539 vel
1488 1460 1695 1539 cantando
1718 1456 1819 1538 offen

160 1571 287 1649 dens:
314 1595 393 1650 non
420 1575 553 1653 statim
581 1599 621 1654 se
648 1599 783 1654 coram
810 1576 998 1655 omnibus
1025 1576 1305 1654 humiliaverit.
1326 1574 1369 1655 Si
1397 1576 1488 1676 quis
1515 1576 1657 1654 divino
1679 1596 1754 1653 non
1773 1575 1819 1650 in·

159 1694 291 1765 tentus
310 1686 478 1767 Officio:
497 1691 602 1792 vagis
620 1692 759 1787 oculis,
780 1703 819 1770 et
838 1701 948 1772 motu
969 1691 1191 1791 irreligioso
1224 1692 1419 1770 levitatem
1438 1691 1585 1770 mentis
1604 1689 1819 1770 ostenderit.

160 1802 199 1881 Si
229 1805 319 1904 quis
349 1805 387 1880 in
421 1806 608 1904 Ecclesia,
630 1808 689 1886 vel
721 1810 760 1885 in
790 1808 1050 1904 Dormitorio‚
1072 1806 1129 1885 vel
1159 1808 1199 1883 in
1228 1806 1349 1885 Cellis
1373 1806 1529 1909 aliquid
1549 1804 1829 1908 inquietudinis.

160 1919 292 1997 fecerit
313 1949 323 2009 ;
350 1921 379 1995 si
410 1921 500 2020 quis
528 1923 567 1997 in
587 1922 718 2002 Cboro
748 1924 892 2021 riserit,
913 1923 973 2002 vel
1000 1924 1101 2002 alios
1129 1922 1258 2000 ridere
1277 1923 1437 2001 fecerit:
1459 1923 1492 2000 si
1515 1922 1609 2021 quis
1628 1922 1819 2000 lectionem

161 2045 305 2113 statuto
325 2048 504 2136 tempore
531 2060 608 2116 non
638 2041 890 2140 praeviderit.
911 2040 951 2119 Si
979 2040 1068 2141 quis
1094 2036 1204 2117 aliud
1232 2046 1391 2116 cantare
1409 2037 1469 2118 vel
1489 2036 1623 2139 legere
1640 2058 1821 2139 praesunt·

160 2151 311 2250 pserit:
340 2175 459 2252 qnam
487 2154 593 2254 qnod
620 2158 846 2236 communis
871 2156 1016 2258 probat
1042 2177 1150 2234 usus.

209 2267 306 2344 ltem
336 2268 429 2346 levis
456 2270 570 2370 culpa
597 2283 685 2349 est:
718 2273 751 2351 si
778 2274 868 2374 quis
894 2273 946 2350 ad
973 2271 1309 2374 praedicationem
1336 2270 1496 2367 vadens,
1526 2269 1658 2348 otiosa
1685 2267 1821 2347 locutus

158 2381 274 2461 fuerit
304 2383 362 2461 vel
393 2387 528 2484 egerit.
559 2386 598 2463 Si
627 2390 717 2488 quis
744 2388 936 2468 dissolute
962 2387 1123 2465 riserit:
1151 2386 1354 2464 cachinnis
1379 2384 1442 2463 vel
1469 2384 1593 2482 ludis,
1623 2383 1744 2463 dictis
1774 2385 1820 2462 vel

158 2498 267 2575 t’actis
293 2498 393 2578 alios
417 2504 465 2576 ad
492 2502 703 2582 ridendum
730 2505 1000 2584 concitaverit.
1022 2502 1059 2579 Si
1093 2503 1183 2604 quis
1210 2501 1348 2580 oculos
1375 2524 1490 2602 vagos
1518 2523 1592 2601 per
1610 2500 1821 2600 plateasvel

158 2611 268 2691 villas
294 2615 454 2695 eundo:
484 2617 533 2695 atl
560 2621 750 2699 vanitates
778 2621 1005 2721 frequenter
1032 2618 1234 2697 direxerit.
1256 2618 1298 2696 Si
1322 2617 1415 2719 quis
1440 2618 1482 2693 in
1511 2615 1659 2717 Vigilia
1680 2617 1822 2693 dnnnn·

159 2727 348 2825 tintinnis,
371 2744 407 2809 et
434 2732 650 2814 Nativitatis
677 2736 834 2814 Domini
862 2737 904 2811 in
928 2734 1127 2836 principio
1155 2733 1328 2833 Capituli
1353 2753 1426 2832 per
1448 2731 1737 2834 negligentiam
1754 2752 1819 2810 non

155 2842 353 2923 adfuerit:
386 2858 428 2924 ut
459 2852 728 2947 pronuntiatis
758 2851 1043 2949 redemptionis
1071 2860 1228 2928 nostrae
1255 2848 1443 2944 exordiis,
1463 2846 1586 2927 corde
1609 2857 1649 2928 et
1669 2868 1820 2950 corpore

155 2959 302 3056 gratias
329 2972 413 3062 agat
442 2962 710 3065 lledemptori.
737 2966 775 3043 Si
803 2969 892 3067 quis
919 2967 968 3046 de
988 2969 1049 3045 via
1066 2968 1227 3045 veniens
1245 2966 1384 3046 eadem
1404 2966 1501 3045 hora
1518 2965 1569 3063 (si
1588 2965 1677 3045 fieri
1694 2967 1820 3068 potest)

155 3072 475 3156 benedictionem
502 3080 684 3179 accipere
712 3081 956 3183 neglexerit:
987 3082 1047 3162 vel
1074 3084 1225 3184 absque
1251 3105 1297 3161 33
1328 3080 1419 3183 plus
1449 3103 1528 3159 nna
1557 3093 1677 3161 nocte
1704 3104 1819 3161 mora·

157 3196 269 3267 turus
287 3194 436 3271 exierit.
463 3195 500 3270 Si
527 3198 617 3296 quis
642 3197 691 3274 ad
722 3198 925 3277 Lectiones
952 3199 1189 3288 dormierit;
1218 3198 1250 3275 si
1277 3197 1368 3298 quis
1400 3197 1652 3298 temporibus
1679 3197 1819 3278 statutis

156 3326 245 3383 cum
260 3307 350 3386 aliis
367 3309 591 3389 tectionem
605 3313 812 3392 auditurus
829 3337 908 3393 non
924 3315 1112 3393 adfuerit:
1130 3315 1163 3392 si
1182 3314 1272 3415 quis
1285 3312 1412 3391 libros
1426 3311 1665 3392 interdictos
1680 3313 1816 3416 legerit.

208 3423 302 3500 ltem
332 3423 427 3502 levis
455 3425 570 3528 culpa
597 3436 682 3506 est:
705 3430 737 3507 si
761 3431 851 3531 quis
878 3431 1076 3509 Ecclesiae
1096 3431 1151 3507 vel
1172 3429 1317 3507 altaris
1333 3439 1568 3506 ornamenta
1589 3428 1819 3530 negligenter

155 3539 386 3616 tractaverit.
423 3540 464 3618 Si
499 3543 589 3642 quis
624 3555 749 3624 vestes
783 3568 887 3642 suas,
914 3558 978 3625 aut
1012 3546 1138 3624 libros
1174 3545 1213 3620 in
1242 3543 1331 3623 loco
1373 3552 1519 3622 statuto
1559 3543 1728 3623 honeste
1751 3565 1817 3621 non

155 3650 412 3752 deposuerit:
443 3657 503 3735 vel
539 3660 778 3760 negligenter
805 3663 1039 3741 tractaverit.
1061 3660 1103 3739 Si
1132 3659 1365 3738 indumenta
1392 3658 1451 3739 vel
1473 3658 1564 3747 alia,
1587 3659 1714 3739 Fratri
1742 3663 1818 3737 data

154 3765 214 3843 vel
244 3789 460 3847 concessa:
490 3773 575 3852 sine
602 3775 730 3875 ipsius
758 3777 931 3873 licentia,
954 3800 1024 3877 per
1051 3800 1096 3855 33.
1122 3777 1223 3855 31133
1254 3776 1462 3876 acceperit.
1484 3773 1526 3852 si
1554 3775 1649 3875 quis
1679 3773 1817 3877 aliquid

155 3883 387 3962 utensilium
414 3886 573 3986 fregerit
599 3891 658 3968 vel
688 3891 934 3992 perdiderit:
965 3893 997 3971 si
1025 3894 1115 3994 quis
1134 3893 1213 3969 cibi
1232 3891 1293 3969 vel
1312 3900 1430 3990 potus
1445 3888 1602 3992 aliquid
1620 3889 1813 3969 effuderit:

155 3996 188 4073 si
217 3997 329 4094 liber,
350 4002 390 4077 in
419 4024 498 4101 qno
527 4004 735 4104 legendnm
767 4020 838 4102 est,
869 4011 1152 4109 cujuscumque
1184 4005 1365 4108 neglectu
1393 4005 1572 4084 defuerit.
1596 4005 1639 4084 Si
1657 4005 1816 4108 quisali-

154 4112 252 4211 quid
281 4114 425 4194 dixerit
461 4119 701 4220 relegerit:
738 4124 842 4202 nude
876 4123 1127 4203 offendantur
1162 4124 1326 4200 Fratres.

204 4227 301 4306 Item
338 4230 433 4310 levis
468 4234 582 4335 culpa
615 4249 699 4316 est:
740 4239 773 4316 31
806 4241 896 4340 quis
931 4242 1062 4319 cibum
1099 4239 1157 4317 vel
1193 4249 1332 4339 potum
1366 4239 1517 4336 absque
1548 4237 1814 4318 benedictione

153 4348 379 4445 sumpserit.
401 4348 441 4426 Si
476 4350 566 4450 quis
587 4352 625 4428 in
650 4352 892 4435 Conventum
910 4356 1019 4452 hora,
1042 4355 1268 4457 guadebat,
1291 4354 1423 4430 venire
1439 4352 1638 4433 distulerit
1659 4383 1670 4445 ;
1691 4353 1814 4454 siquis

47 4521 50 4528 ,
152 4456 201 4533 ad
230 4458 455 4561 Capitulum
486 4465 542 4541 vel
569 4466 824 4546 collationem
852 4492 930 4547 raon
959 4472 1120 4565 venerit,
1158 4469 1214 4547 vel
1256 4469 1459 4546 communi
1499 4469 1706 4549 refectioni
1745 4488 1811 4544 non

153 4572 371 4654 interfuerit
394 4606 401 4653 :
424 4579 456 4656 si
484 4582 574 4681 qnis
599 4605 808 4663 commune
826 4585 1057 4664 mandatnm
1075 4585 1286 4664 dimiserit.
1308 4584 1349 4663 Si
1365 4583 1456 4684 quis
1472 4584 1663 4683 olamans,
1685 4585 1726 4661 in
1747 4580 1811 4661 cln-

154 4688 324 4767 matione
358 4715 427 4771 sua
459 4697 636 4798 jurgium
671 4699 831 4779 fecerit:
869 4702 901 4777 si
936 4701 1026 4802 quis
1056 4723 1173 4795 enm,
1206 4723 1228 4777 a
1261 4721 1341 4800 quo
1378 4699 1649 4801 proclamatus
1679 4698 1809 4788 fuerit,

153 4801 292 4880 eodem
329 4806 408 4905 die,
437 4812 628 4912 quasise
665 4815 918 4908 vindicando,
953 4816 1124 4894 clamare
1156 4816 1476 4916 praesumpserit.

201 4918 298 4997 ltem
317 4921 414 5002 levis
432 4925 549 5029 culpa
569 4942 651 5008 est:
673 4932 705 5008 si
727 4933 816 5032 quis
830 4955 920 5011 cum
933 4934 1158 5031 juramento
1172 4934 1224 5029 (ut
1235 4929 1437 5030 loquendo
1448 4929 1534 5008 fieri
1550 4932 1663 5029 331311
1676 4925 1808 5032 aliquid

151 5037 349 5136 negaverit
383 5041 442 5117 vel
477 5041 744 5125 affirmaverit.
783 5049 825 5126 Si
859 5049 950 5148 quis
987 5058 1143 5149 turpem
1178 5066 1401 5124 sermonem
1447 5044 1509 5123 rel
1550 5047 1807 5149 vaniloquium

149 5147 320 5229 dixerit:
355 5156 414 5233 vel
445 5159 562 5258 tquod
587 5163 743 5260 gravius
769 5173 838 5262 est)
857 5165 898 5240 in
927 5187 1000 5242 usu
1029 5163 1226 5242 babuerit.
1248 5162 1289 5240 Si
1310 5161 1401 5263 quia
1419 5182 1574 5258 eorum,
1596 5164 1669 5263 qui
1687 5158 1807 5238 officiis

149 5263 326 5366 deputati
360 5284 465 5369 snut,
502 5275 543 5353 in
578 5277 714 5378 aliquo
750 5279 952 5380 negligens
987 5291 1165 5380 repertus
1198 5276 1347 5355 fuerit:
1388 5287 1429 5354 nt
1465 5287 1559 5355 suut
1593 5278 1749 5357 Priores
1778 5273 1807 5347 in

147 5378 350 5462 Conventu
384 5389 646 5472 custodiendo
667 5421 676 5483 ;
700 5393 892 5474 Doctores
912 5396 952 5471 in
973 5395 1168 5489 docendo,
1191 5395 1402 5475 Studentes
1422 5394 1462 5469 in
1484 5391 1701 5493 studendo,
1724 5390 1808 5471 Scri·

148 5503 281 5592 ptores
316 5499 355 5575 in
384 5505 610 5603 scribendo,
631 5508 820 5588 (13313333
846 5513 888 5587 13
915 5510 1056 5588 officiis
1075 5513 1157 5589 3313
1177 5539 1184 5587 :
1208 5512 1489 5590 Procuratores
1506 5507 1551 5586 in
1565 5507 1808 5593 exterioribus
