3990 6082
654 359 753 466 Dist.
777 391 805 467 l.
827 391 880 467 Oe
905 391 1153 488 Protessione.
1692 395 1742 469 -ll

69 533 289 633 expletum,
317 554 340 610 a
372 534 550 615 Praelato
583 536 624 614 in
662 538 845 639 Capitulo
879 563 1012 620 coram
1042 540 1258 636 Conventa,
1289 542 1502 619 terminum
1528 538 1579 619 ad
1613 542 1746 619 minus

70 648 197 728 trium
229 651 424 728 mensium
452 656 649 755 acceperit
683 655 732 732 ad
760 656 1077 755 deliberandum,
1104 681 1156 734 an
1182 658 1359 759 profiteri
1393 658 1516 736 velit:
1547 660 1600 737 ita
1639 657 1748 758 quod

72 787 206 845 annus
225 766 473 867 probationis
487 792 576 848 cum
597 782 727 850 taxato
749 773 821 851 illo
844 776 1012 851 termino
1037 775 1270 853 terminetur
1292 804 1298 849 :
1319 764 1364 850 aa
1381 797 1451 873 per
1477 774 1553 852 boc
1580 797 1626 852 ex
1653 785 1748 852 tunc

71 880 305 962 incurratur
330 886 524 985 professIo
554 886 681 965 tacita.
703 887 750 968 Et
779 898 821 967 ut
846 890 922 969 boc
951 889 1234 968 inviolabiliter
1261 889 1517 969 observetur:
1547 892 1747 991 praesenti

73 1011 238 1097 statuto,
264 1001 428 1081 cuilibet
454 1014 545 1082 aute
574 1003 960 1103 quintumdecimum
988 1028 1136 1084 annum
1169 1010 1258 1105 (pro
1284 1009 1480 1106 tempore)
1508 1009 1665 1106 recepto
1698 1006 1749 1083 ad

74 1117 272 1212 babitum,
288 1117 534 1218 assignamus
552 1141 701 1196 annum
721 1120 972 1222 probationis
993 1123 1112 1200 modo
1133 1121 1252 1200 dicto.

127 1233 364 1312 blandamus
382 1244 511 1314 autem
533 1237 607 1314 sub
634 1261 762 1338 poena
783 1237 1046 1316 absolutionis
1069 1240 1120 1316 ab
1146 1237 1290 1326 officio,
1315 1248 1353 1316 et
1379 1238 1569 1340 gravioris
1595 1237 1747 1340 culpae,
1813 1325 1818 1335 ‚

75 1351 259 1431 Praelato
277 1381 287 1442 ;
309 1361 351 1429 ut
367 1353 527 1452 quando
539 1363 700 1433 vocatus
718 1353 835 1433 fuerit
857 1354 1034 1432 Novitius
1051 1355 1101 1432 ad
1120 1354 1334 1432 terminum
1353 1354 1611 1454 professionis
1629 1354 1749 1432 susci-

75 1468 286 1569 piendum,
316 1491 499 1569 expresse
526 1480 766 1571 protestetur
791 1471 934 1566 eidem,
964 1470 1070 1571 quod
1111 1470 1304 1548 Professio
1334 1492 1403 1547 sua
1433 1469 1616 1547 eumdem
1651 1468 1751 1549 obli-

76 1584 189 1685 gabit
214 1583 263 1662 ad
286 1584 359 1662 tria
384 1596 487 1680 vota,
508 1587 750 1687 paupertatis
776 1587 936 1681 seilicet,
958 1587 1161 1681 castilatis,
1182 1598 1220 1664 et
1246 1585 1511 1682 obedientiae,
1533 1584 1749 1663 secundum

75 1698 267 1800 Regulam
293 1699 397 1779 beati
411 1703 647 1804 ¹Augustini,
667 1712 705 1781 el
728 1704 1001 1781 Institutiones
1024 1702 1201 1796 Fratrum
1220 1701 1385 1780 Ordinis
1406 1701 1749 1780 Praedicatorum:

50 1826 120 1914 ,et
146 1838 226 1897 non
255 1818 472 1895 secundum
501 1819 608 1919 quod
640 1819 759 1897 bodie
783 1819 862 1915 bic,
881 1819 949 1896 vel
970 1818 1027 1894 ibi
1054 1828 1241 1896 servatur.
1268 1819 1312 1894 Et
1339 1817 1447 1918 quod
1471 1817 1601 1896 statim
1620 1816 1753 1918 elapso

76 1933 254 2011 termino
282 1932 358 2011 sibi
385 1945 513 2013 taxato
537 1934 632 2032 (nisi
661 1934 951 2013 contradictum
985 1934 1035 2012 ab
1066 1934 1180 2035 ipso,
1211 1934 1270 2011 vel
1297 1957 1318 2010 a
1347 1933 1550 2033 Religione
1582 1933 1756 2032 fueritz)

79 2048 262 2127 incurret
291 2048 593 2150 professionem,
618 2051 770 2128 etiamsi
800 2048 915 2129 aliter
945 2073 1023 2128 non
1052 2052 1293 2151 profiteatur.

136 2163 315 2243 Novitios
341 2187 500 2266 quoque
528 2167 754 2245 recedentes
781 2167 866 2243 sine
894 2166 1050 2244 licentia
1082 2189 1171 2242 cum
1203 2164 1337 2243 babitu
1365 2188 1387 2241 a
1413 2165 1649 2245 Conventu:
1680 2165 1756 2242 nisi

83 2281 188 2357 infra
210 2288 299 2359 octo
325 2281 410 2359 dies
438 2282 487 2359 ad
512 2283 696 2361 eumdem
732 2282 936 2377 redierint,
962 2304 1035 2382 pro
1060 2281 1236 2360 refutatis
1274 2281 1323 2358 ab
1361 2279 1513 2358 Ordine
1548 2280 1753 2358 babemus.

84 2398 134 2477 Et
161 2397 194 2474 si
221 2397 271 2473 ad
298 2396 423 2474 alium
451 2398 694 2477 Conventum
723 2398 1008 2477 declinaverint
1024 2425 1033 2488 ;
1064 2409 1102 2475 et
1128 2398 1275 2476 fuerint
1300 2398 1340 2473 in
1370 2396 1438 2474 illo
1465 2396 1656 2496 acceptati
1685 2418 1757 2503 pro

84 2512 284 2594 Novitiis:
318 2514 500 2594 volumus
532 2538 681 2594 annum
718 2517 964 2616 probationis
1001 2516 1179 2594 inchoari
1207 2516 1257 2593 ab
1284 2516 1354 2593 illo
1389 2515 1468 2604 die,
1494 2537 1573 2615 quo
1600 2516 1641 2591 in
1669 2514 1757 2617 ipso

86 2630 213 2710 altero
236 2630 438 2711 Conventa
466 2633 613 2710 fuerint
653 2633 858 2732 acceptati.
891 2632 1009 2729 Quod
1037 2633 1069 2710 si
1102 2633 1245 2711 nullibi
1273 2631 1462 2729 acceptati
1494 2653 1567 2731 pro
1594 2629 1758 2709 Novitiis

88 2747 259 2826 fuerint:
281 2759 371 2850 post
394 2749 541 2829 exitum
560 2748 646 2825 sine
665 2746 837 2844 licentia,
863 2771 935 2848 pro
959 2749 1137 2826 refutatis
1156 2759 1193 2827 et
1212 2771 1290 2827 non
1311 2746 1475 2825 Novitiis
1502 2745 1598 2824 tales
1620 2747 1758 2824 baberi

88 2863 286 2961 uolumus,
306 2875 456 2965 quanto
477 2876 656 2966 tempore
683 2865 740 2940 sic
769 2864 1072 2964 permanserint.

190 3094 256 3171 De
291 3095 648 3192 Professione
690 3125 701 3173 .·
737 3099 1266 3197 quintumdecimum
1315 3095 1660 3196 Capitulum.

98 3346 270 3518 Manus
286 3326 455 3406 faciendi
476 3329 762 3429 professionem
787 3362 793 3408 :
816 3332 905 3410 talis
923 3343 993 3410 est.
1015 3375 1064 3388 -
1079 3334 1160 3428 Epo
1187 3332 1324 3406 Frater
1349 3328 1397 3405 N.
1420 3327 1524 3434 facio
1551 3322 1764 3420 Professio-

206 3466 311 3538 nem,
336 3456 371 3522 et
406 3448 588 3543 promitto
622 3447 879 3526 obedientiam
919 3449 1009 3542 Deo,
1037 3459 1072 3524 et
1099 3448 1228 3523 beatae
1255 3445 1416 3535 Mariae,
1438 3450 1473 3519 et
1500 3441 1606 3518 beato
1637 3437 1765 3515 Domi·

95 3562 197 3655 nico,
225 3569 262 3639 et
286 3563 354 3640 tibi
378 3564 425 3641 N.
449 3565 635 3663 Mapistro
664 3565 824 3643 Ordinis
853 3567 1040 3644 Fratrum
1067 3567 1398 3651 Prmuuatorum,
1425 3572 1461 3638 et
1485 3555 1767 3637 successoribus

95 3679 184 3772 tuis,
211 3679 427 3756 secundum
450 3680 640 3779 Bupalum
665 3682 765 3759 beati
789 3685 1015 3783 Aupustini,
1035 3692 1070 3760 et
1099 3682 1367 3759 factitationis
1393 3678 1578 3753 Fratrum
1605 3671 1768 3750 Praedi-

39 3836 51 3843 -
93 3805 294 3873 catorum:
319 3797 422 3894 quod
447 3818 512 3872 ero
537 3796 715 3876 obediens
741 3800 822 3889 tibi,
861 3805 1012 3899 tuisque
1037 3797 1320 3876 successoribus
1348 3815 1465 3892 usque
1504 3791 1555 3868 ad
1591 3797 1766 3867 mortem.

95 3909 198 3989 Cum
221 3922 362 4011 autem¹
383 3910 425 3989 fit
450 3911 516 3988 alii
549 3913 676 3991 Priori
707 3915 969 4014 cuicumque:
1001 3916 1056 3990 sie
1093 3914 1268 3990 facienda
1302 3923 1374 3988 est.
1405 3954 1453 3964 -
1481 3909 1561 4005 Epo
1591 3905 1641 3981 N.
1666 3903 1769 4002 suein

94 4026 397 4124 Professionem,
418 4038 452 4105 et
472 4031 652 4128 promitto
670 4029 930 4107 obedentiam
956 4032 1043 4122 Deo,
1066 4041 1101 4107 et
1119 4030 1249 4106 beatae
1270 4027 1432 4115 Mariae,
1455 4034 1490 4101 et
1508 4024 1615 4099 beato
1636 4019 1770 4096 Domi·

94 4144 199 4236 nico,
219 4152 254 4220 et
277 4143 347 4220 tibi
371 4142 420 4220 N.
443 4144 575 4221 Priori
600 4144 691 4222 talis
717 4147 808 4241 loci,
828 4149 909 4224 nice
936 4147 982 4223 Ν.
1006 4146 1184 4244 Mupistri
1206 4143 1369 4220 Ordinis
1396 4140 1581 4217 Fratrum
1609 4133 1769 4212 Praedi-

94 4268 288 4352 fflwfilm,
316 4268 351 4336 et
383 4281 646 4337 successorum
662 4264 756 4358 eius,
777 4264 993 4340 samarium
1010 4261 1198 4360 Reputans
1224 4259 1323 4336 beati
1342 4254 1565 4356 Aupustinr‘,
1591 4264 1626 4329 et
1654 4249 1769 4325 fusti·

95 4378 267 4483 tationes
296 4376 483 4454 Fratrum
513 4378 860 4455 Praedicatorum:
887 4378 989 4478 qusod
1014 4400 1078 4455 em
1104 4377 1283 4455 obediens
1310 4374 1390 4466 tibi,
1411 4373 1562 4469 tuisque
1575 4385 1770 4445 successo-

95 4491 209 4570 ribus
233 4514 353 4593 usqae
380 4493 432 4570 ad
456 4501 630 4570 mortem.

152 4606 398 4686 Novitiorum
423 4619 552 4685 autem
573 4623 698 4688 restes
717 4612 792 4689 boc
810 4610 931 4688 modo
950 4594 1237 4687 benedicantur
1266 4609 1303 4682 in
1326 4601 1585 4681 Professione.
1606 4595 1772 4674 Ostende

98 4723 213 4803 nobis
240 4722 405 4801 Domine
432 4726 741 4804 misericordiam
767 4739 888 4821 taam,
913 4728 959 4803 Et
988 4726 1161 4803 salutare
1204 4734 1315 4800 tuum
1346 4722 1398 4797 aa
1423 4717 1545 4795 noma.
1586 4713 1774 4790 Dominus

100 4839 311 4936 numerem,
328 4841 382 4918 ⁴Et
407 4862 497 4918 cum
520 4843 664 4942 spiritu
692 4853 770 4920 tuo.
805 4844 982 4920 Oramus.
1008 4843 1169 4918 Domine
1193 4840 1284 4916 Jesrr
1315 4837 1476 4925 Christe,
1505 4834 1574 4931 qui
1608 4831 1774 4928 tepimen

100 4966 257 5034 nostrae
281 4957 534 5036 nmrtalitatis
558 4959 723 5036 induere
749 4960 933 5058 dipnutus
964 4981 1003 5035 es
1031 4982 1042 5033 :
1072 4957 1313 5033 obsecramus
1340 4955 1561 5028 immensae·
1579 4942 1775 5044 larpitatis

102 5083 194 5149 tuae
223 5072 533 5165 abundantiam;
568 5082 611 5151 ut
642 5075 712 5151 buc
744 5097 863 5172 panias
897 5074 1220 5159 vestimentorum,
1263 5067 1362 5165 quod
1397 5065 1523 5142 saneti
1559 5062 1693 5138 Patres
1722 5054 1774 5130 aa

103 5188 346 5266 innocentiae
362 5199 396 5266 et
414 5190 651 5267 brimiiitutis
669 5191 862 5266 indicium
877 5190 977 5286 ferre
1003 5195 1228 5275 surriperent,
1249 5186 1263 5260 i
1268 5195 1306 5260 tu
1329 5184 1418 5259 berte
1435 5179 1485 5281 ᾖ
1502 5177 1627 5255 dicere
1643 5173 1774 5271 dipac-

100 5305 194 5383 ris:
231 5314 274 5382 ut
303 5307 369 5404 qui
404 5307 473 5382 lane
503 5329 594 5384 usus
626 5307 756 5404 lueait,
793 5316 825 5383 te
860 5306 1021 5383 indicere
1057 5312 1273 5391 literanum,
1324 5298 1522 5377 Cltristrtm
1565 5289 1775 5367 fluminum

102 5430 293 5501 nostrum.
325 5422 462 5499 Amen.
500 5422 789 5500 Postmodum:
822 5431 1078 5522 aspergantur
1117 5420 1226 5519 Aqua
1258 5413 1476 5493 benedicta.
1512 5408 1553 5484 ln
1599 5402 1777 5506 quolibet

104 5538 311 5618 Convmtu
341 5537 534 5616 habeatur
561 5538 660 5615 liber
680 5540 944 5639 particularis,
969 5537 1006 5611 in
1027 5559 1105 5636 quo
1126 5534 1348 5612 scribantur
1368 5549 1518 5621 omnes,
1539 5523 1606 5624 qui
1627 5519 1772 5597 faciunt

159 5660 404 5715 aanrrnoaoo.
434 5662 544 5714 rano.
1555 5648 1576 5702 e
