3990 6082
408 372 510 451 bnt.
540 370 593 450 ll.
621 370 819 449 Deicertis
844 350 1003 448 dcirca.
1032 376 1069 448 ct
1086 371 1237 472 singul.
1266 370 1417 450 uitcnd.
1712 374 1761 457 ta
1816 442 1820 451 .

122 522 299 602 ersistant
321 552 330 601 :
351 545 422 624 per
445 522 622 601 Priorem
655 521 957 619 Provincialcm,
984 523 1045 601 vel
1068 522 1311 602 Provinciale
1334 521 1556 624 Capitulum
1577 525 1761 604 carcerati
1867 556 1872 566 ·

122 640 290 719 istodiae
319 639 608 740 mancipentur.
640 639 738 717 ltcm
763 639 1006 740 quicumque
1033 640 1182 717 crimen
1210 638 1484 735 commiserit,
1515 661 1589 741 pro
1613 663 1693 741 quo
1719 643 1761 720 in

122 756 408 857 rccuto‘poena
428 754 570 833 mortis
591 753 758 832 ¹deberet
781 752 926 854 plecti;
957 754 997 829 in
1025 756 1223 831 carcerem
1251 754 1488 849 retrudatur,
1513 754 1654 856 poenis
1671 756 1763 835 aliis

122 877 347 959 ucciandus
374 878 524 956 ibidem
539 877 670 1009 ‚plns
695 880 735 955 ct
763 877 908 973 minus,
939 878 1157 957 secundnm
1186 878 1321 956 delicti
1349 889 1387 957 et
1412 865 1763 1011 personaequalb

122 1006 234 1088 tem,
263 1005 302 1073 et
330 994 646 1074 circumstantias
673 992 1034 1089 aliasnllcviantes,
1064 995 1267 1073 ueletiam
1295 1003 1590 1103 aggravantes:
1620 1003 1659 1075 ct
1686 995 1763 1073 nisi

122 1136 159 1191 r
174 1111 362 1192 Ccncrale
381 1104 617 1211 Capitulum,
638 1133 717 1189 nou
733 1110 859 1211 possit
876 1108 1028 1211 abipso
1042 1134 1196 1189 carcerc
1212 1110 1385 1189 libcrari.
1403 1110 1570 1207 Quodsi
1590 1110 1764 1190 seeundo

122 1228 302 1307 midcrit:
322 1227 468 1307 carceri
488 1237 678 1328 perpetuo
695 1224 956 1326 mancipetur:
1060 1304 1064 1313 ,

138 1346 240 1423 Item
264 1343 462 1440 volumus
499 1343 607 1444 quod
636 1342 835 1421 ordinatio
863 1341 1033 1442 Capituli
1063 1339 1365 1443 Burdogalcnsis
1391 1341 1442 1419 dc
1477 1307 1765 1422 mutationibus

122 1473 273 1540 ratrnm
309 1470 523 1540 servetur:
553 1482 655 1561 quac
692 1467 749 1536 cst
777 1457 1018 1590 infrascripti
1048 1459 1212 1538 tenoris
1240 1459 1339 1536 Cum
1367 1458 1579 1536 electiones
1605 1467 1764 1554 nostrae

122 1578 263 1676 ianime
290 1575 438 1656 liberae
465 1598 551 1654 esse
577 1575 778 1672 debcant,
815 1586 853 1655 ct
880 1576 988 1653 omni
1020 1587 1112 1656 nota
1138 1577 1356 1673 coactionis
1382 1599 1517 1656 carcre
1547 1605 1555 1653 ι
1585 1576 1765 1665 districte

122 1693 336 1796 rJungimus
358 1692 561 1770 Prioribus
581 1690 908 1788 Prouincialibns,
933 1701 971 1770 et
988 1693 1306 1794 quibuscumque
1335 1693 1515 1783 Vicariis,
1534 1692 1643 1793 quod
1664 1693 1764 1774 infra

122 1831 269 1905 renscm
304 1817 394 1896 ante
432 1807 644 1888 electiones
669 1830 969 1908 quascumque,
998 1831 1126 1892 novas
1152 1809 1435 1908 assignationes
1461 1817 1501 1888 et
1528 1809 1766 1889 mutationes
1876 1878 1881 1890 .

122 1934 281 2005 ratrnmv
301 1922 381 2005 no'n
402 1924 545 2002 faciant
572 1924 612 2006 in
636 1921 924 2022 'Conventibus
956 1925 997 2002 in
1025 1925 1172 2025 quibus
1199 1924 1412 2004 electiones
1436 1925 1665 2024 huiusmodi
1685 1924 1766 2005 fue·

126 2054 172 2121 nt
197 2039 485 2132 celebrandac;
517 2040 593 2116 nisi
622 2063 693 2141 pro
721 2037 852 2119 officio
886 2042 1125 2137 Lactoratns,
1151 2039 1210 2120 vel
1240 2042 1454 2138 Prioratus,
1478 2040 1537 2121 vel
1563 2064 1637 2142 pro
1659 2042 1765 2144 gravi

122 2157 281 2237 :andalo
311 2157 493 2240 evitando
524 2185 531 2233 :
562 2155 621 2234 vcl
658 2157 734 2235 nisi
764 2157 802 2233 in
830 2156 1067 2236 Provinciali
1103 2157 1318 2258 Capitulo,
1360 2157 1420 2235 vel
1449 2157 1499 2233 in
1527 2156 1616 2236 loco
1643 2157 1767 2259 ipsius

125 2271 350 2372 rovincialis
375 2271 561 2374 Capituli,
591 2273 691 2351 sicut
716 2273 757 2348 in
786 2272 986 2376 aliquibus
1007 2273 1227 2353 Provinciis
1246 2281 1304 2352 est
1328 2282 1574 2356 consuetum.
1597 2273 1716 2372 Quod
1734 2274 1766 2351 si

122 2388 334 2469 intrarium
367 2388 511 2466 tactum
536 2388 652 2467 fuerit
674 2418 681 2464 :
706 2389 932 2487 hujusmodi
959 2390 1242 2491 assignationes
1268 2390 1327 2468 vel
1355 2389 1604 2486 mutationes,
1634 2389 1767 2491 quoad

122 2505 350 2584 rivationcm
379 2504 486 2583 vocis
514 2506 554 2581 in
585 2505 813 2601 Conventu,
832 2506 881 2584 dc
906 2529 985 2606 quo
1015 2507 1113 2585 liunt
1147 2509 1256 2608 ipsae
1292 2506 1546 2602 mutationes,
1570 2513 1612 2584 et
1633 2503 1765 2608 quoad

121 2644 219 2701 isam
248 2643 384 2701 vocem
413 2621 453 2698 in
482 2621 696 2716 Conventu,
727 2621 794 2699 ubi
836 2623 934 2701 finnt
960 2621 1261 2721 assignationes,
1294 2644 1408 2700 suum
1438 2643 1518 2702 non
1549 2621 1767 2707 sortiantur

122 2737 285 2817 lectum.
318 2736 474 2814 Priores
493 2747 623 2816 autern
643 2736 923 2832 Provinciales,
945 2738 1014 2839 qui
1034 2739 1075 2815 in
1095 2739 1171 2817 boc
1190 2738 1335 2818 inventi
1354 2738 1501 2828 suerint
1520 2735 1734 2821 excessisse
1754 2764 1762 2821 ;

122 2877 160 2933 er
185 2853 416 2955 Magistrum
445 2853 622 2948 Ordinis,
653 2854 710 2931 vel
753 2854 988 2933 llcfinitnrcs
1016 2854 1219 2941 Generalis
1247 2853 1430 2956 Capituli,
1466 2874 1556 2932 cum
1595 2850 1767 2953 legitime

122 2968 326 3067 institerit,
347 2969 467 3047 asnis
485 2968 627 3049 officiis
645 2970 685 3046 in
713 2993 882 3071 poenam
902 2971 1171 3050 absolvantur.
1202 2971 1346 3049 vicarii
1365 2993 1456 3051 vcro
1477 3000 1484 3055 ;
1506 2969 1617 3053 οιιιιιί
1636 2967 1768 3048 officio

124 3084 253 3163 rdinis
271 3085 462 3185 usquead
483 3095 563 3165 tres
581 3109 706 3164 arruns
726 3087 805 3164 sint
825 3087 981 3187 privati.
1004 3088 1080 3166 Ncc
1099 3089 1252 3167 Fratres
1272 3086 1425 3189 possint
1442 3086 1586 3188 privari
1604 3084 1768 3165 vocibus

122 3200 234 3283 >dem
250 3210 429 3302 tempore
453 3231 460 3278 :
481 3202 557 3279 nisi
576 3200 627 3279 ob
644 3225 781 3286 causas
798 3202 838 3279 in
859 3203 1038 3304 Capitulo
1059 3203 1107 3281 dc
1125 3204 1295 3305 graviori
1312 3201 1428 3305 culpa
1446 3207 1693 3293 contentane
1741 3250 1744 3263 .

139 3318 241 3399 ltcm
268 3316 532 3413 ordinamus,
573 3329 611 3396 ct
638 3319 816 3397 districte
846 3319 1136 3420 probibemus,
1177 3342 1225 3398 nc
1253 3319 1319 3398 tint
1343 3318 1491 3418 aliquis
1518 3316 1769 3405 Praedicator

124 3432 299 3540 cneralis
314 3461 326 3532 ;
356 3433 431 3526 nisi
460 3443 662 3530 maturus,
692 3447 730 3520 et
746 3435 976 3531 *discretum
1008 3447 1045 3516 ct
1072 3435 1305 3515 sufficientis
1328 3434 1600 3531 litteraturae,
1628 3441 1669 3516 et
1695 3431 1767 3534 qui

122 3549 373 3630 invenienter
400 3550 496 3628 sciat
523 3572 746 3652 proponere
778 3553 941 3632 verbum
968 3554 1069 3650 Dei,
1099 3560 1137 3632 ct
1165 3553 1233 3653 qui
1262 3550 1314 3629 sit
1341 3549 1511 3629 idoneus
1536 3548 1585 3635 ad
1615 3548 1769 3651 negotia

122 3665 259 3744 odinis
282 3666 583 3767 pertractanda:
613 3690 684 3744 nec
713 3688 923 3745 numerum
952 3669 1223 3769 Conucntnurn
1245 3665 1544 3746 Provinciarum
1561 3664 1766 3747 excedant.

123 3792 139 3862 t
175 3803 257 3861 non
298 3781 362 3859 liat
403 3780 547 3882 aliquis
574 3783 614 3858 in
652 3782 784 3883 aliqua
818 3784 1026 3862 Provincia
1056 3786 1227 3864 babentc
1258 3804 1467 3862 nnmerum
1494 3781 1768 3879 excessivum,

122 3921 222 3981 onec
248 3896 297 3983 ad
332 3896 481 3975 dictum
511 3920 722 3976 nnmerum
750 3899 830 3976 sint
857 3901 1003 3979 redacti
1036 3930 1043 3977 :
1077 3901 1275 4005 blagistris
1302 3901 1342 3977 in
1367 3897 1664 3999 Tlreologia,·et
1690 3895 1771 3975 illis

122 4023 298 4096 nmtaxat
323 4016 509 4115 exceptis,
536 4016 604 4117 qui
633 4017 785 4095 ratione
812 4018 1059 4119 antiquitatis
1076 4020 1136 4098 vel
1154 4018 1462 4098 infirmitatis-ad
1480 4015 1658 4119 Capitula
1679 4015 1770 4095 Pro·

122 4130 280 4244 incialia
300 4129 434 4208 venire
453 4153 533 4210 non
550 4139 729 4233 possunt
750 4133 868 4231 Quod
889 4135 920 4211 si
939 4158 1052 4218 secus
1070 4137 1214 4215 t'actum
1232 4136 1374 4215 tuerit:
1396 4141 1523 4214 totum
1544 4131 1595 4211 sit
1616 4130 1770 4212 irritum

122 4234 308 4328 tinancs
1357 4304 1361 4311 .
1585 4280 1588 4289 ·

141 4366 260 4462 Item,
292 4363 399 4466 quod
425 4370 631 4442 arceantur
660 4365 831 4463 Priorcs,
861 4369 930 4474 qni
960 4369 1063 4447 malc
1089 4369 1286 4447 associant
1311 4369 1488 4459 tratrcs;
1517 4313 1635 4444 debet
1662 4361 1769 4441 cuim

122 4488 238 4568 sltem
265 4484 364 4564 alter
382 4484 542 4562 illorum
564 4508 649 4563 csse
667 4480 805 4565 clarae
812 4487 951 4585 famae,
973 4501 1010 4568 ct
1029 4489 1258 4569 subicientis
1277 4488 1442 4568 aetatis:
1466 4495 1503 4567 et
1522 4507 1606 4564 csse
1623 4483 1672 4563 de
1696 4481 1769 4561 lin·

122 4626 171 4684 na
189 4602 390 4704 'patriae-3
421 4601 489 4679 ubi
523 4601 599 4678 boc
626 4601 837 4693 commode
862 4606 1009 4707 poterit
1036 4606 1254 4686 observari.
1285 4607 1414 4702 item,
1443 4601 1552 4705 qnod
1581 4602 1767 4698 Fratres,

123 4718 258 4801 uandn
282 4718 473 4827 recedunt
501 4717 550 4804 dc
576 4719 779 4819 Capitulis,
808 4744 879 4821 per
906 4721 1140 4825 Superiores
1167 4722 1447 4802 combinentur
1478 4749 1485 4798 ι
1519 4741 1567 4803 uc
1593 4715 1769 4821 vagando

123 4840 333 4931 iscurrant,
364 4834 432 4913 sed
456 4834 603 4913 directe
631 4835 681 4912 ud
705 4859 798 4931 spos
825 4839 970 4917 vadant
1002 4840 1237 4919 Conventus.
1272 4838 1405 4917 Sciant
1438 4857 1576 4919 omnes
1617 4835 1769 4913 iratres

122 4953 262 5033 *rdinis
286 4952 442 5043 nostri,
471 4950 579 5050 quod
606 4942 746 5033 omnes
770 4954 1051 5039 ,Ordinationes
1079 4956 1300 5056 praedictae
1327 4955 1405 5034 vim
1434 4951 1767 5035 Constitutionum

122 5079 321 5165 ostrarnm
347 5068 509 5164 habent,
539 5069 773 5151 anctoritate
797 5072 950 5151 Summi
979 5073 1207 5166 Pontiticis3
1239 5095 1317 5152 nou
1345 5070 1539 5168 obstante,
1561 5066 1671 5171 quod
1689 5087 1770 5149 non

123 5187 271 5281 abeant
288 5184 364 5263 nisi
383 5206 568 5286 praesens
588 5187 809 5286 Capitulum
827 5189 1018 5268 Caneralc
1041 5221 1047 5266 :
1070 5200 1107 5267 ct
1122 5211 1261 5269 omncs
1280 5189 1320 5267 in
1338 5192 1414 5267 ttne
1433 5183 1770 5270 Constitutiouuur

123 5298 325 5386 ostrarum
348 5305 496 5404 integre
516 5306 828 5385 conscribantur.
1775 5292 1779 5301 ’

152 5638 395 5697 narrantes.
416 5641 528 5696 rnen.
1544 5604 1754 5745 m
