3990 6082
241 354 345 462 too
961 345 1199 455 lllAlUS.

239 599 455 706 semper
476 566 697 701 virginis
718 560 920 675 Mariae,
945 576 999 660 et
1017 557 1267 683 omnium
1292 560 1600 703 Martyrum
1618 562 1915 669 dedicavit:

242 698 501 848 te‘mpore¹
535 709 732 811 Phocae
779 704 1140 842 imperatoris.
1200 703 1726 846 Constantinopoli:
1773 709 1921 813 beati

242 854 409 959 Mucii
433 852 736 993 Presbyteri
758 867 811 952 et
829 850 1098 988 martyris.
1123 848 1232 972 Qui
1254 851 1358 952 sub
1385 849 1920 992 Diocletianoimpe·

242 999 418 1102 ratdre
439 1014 489 1102 et
512 994 771 1098 Laodicio
790 990 1329 1132 proconsule,prinro
1353 992 1711 1136 Amphidpoli
1735 995 1925 1098 multis

242 1142 416 1282 poenis
449 1159 618 1277 atque
657 1135 993 1241 cruciatibus
1014 1138 1087 1238 ob
1107 1135 1311 1241 Christi
1352 1138 1752 1244 confessionem
1782 1139 1923 1242 affli-

243 1306 399 1417 ctus;
427 1287 614 1424 postea
639 1280 966 1423 Byzantium
997 1315 1173 1417 usque
1195 1280 1529 1421 perductus:
1560 1283 1780 1422 capita'li
1806 1316 1927 1386 sen·

238 1431 416 1561 tentia
454 1429 734 1531 occubuit.
779 1422 1048 1526 Heracleae
1077 1456 1087 1526 :
1116 1426 1320 1530 sanctae
1358 1426 1630 1567 Glyceriae
1667 1428 1926 1567 rnairtyris

243 1573 521 1693 Romanae,
545 1605 672 1707 quae
697 1569 801 1672 sub
822 1566 1107 1670 Antonino
1132 1571 1461 1709 imperatore
1481 1591 1536 1675 et
1554 1570 1759 1674 Sabino
1786 1604 1927 1710 prac-

242 1716 358 1847 side
384 1751 537 1854 passa
563 1733 658 1818 est.
685 1709 1058 1815 Alexandriae:
1084 1715 1533 1818 commemoratio
1553 1714 1926 1854 plurimorum

244 1860 561 1964 sanctorum
580 1861 905 1996 martyrum,
922 1857 1017 1989 qui
1034 1858 1107 1959 ob
1130 1855 1297 1961 fidem
1320 1858 1661 1963 Catholicam
1682 1860 1754 1961 ab
1776 1857 1930 1961 Aria·

251 2006 330 2107 nis
354 2006 413 2105 in.
434 2002 674 2109 Ecclesia
701 1999 948 2101 Thednae
965 2003 1127 2103 occisi
1153 2022 1299 2104 sunt.
1328 2006 1385 2108 ln
1408 2002 1689 2107 Palaestina
1713 2034 1724 2105 ε
1749 2004 1929 2107 sancti

246 2145 801 2279 lmmnfflfflffim.

732 2353 909 2458 Pridie
932 2353 1058 2456 ldus
1086 2353 1250 2457 Maii:
1276 2353 1432 2457 Luna

834 2601 867 2701 g
928 2568 966 2666 h
1041 2569 1059 2666 i
1133 2569 1168 2667 k
1243 2570 1258 2668 l
1325 2605 1381 2670 m
1433 2607 1466 2669 u

172 2782 175 2787 .
326 2701 471 2785 18'19
530 2704 578 2780 ll)
649 2704 743 2779 ll
817 2702 1262 2782 iactationi
1318 2702 1464 2781 ‘2829
1620 2595 1934 2783 Ηὲἑιέ

229 2822 1932 2936 ‘BCDEFFGHMNP

256 2960 1930 3043 orsaronunnuisio

98 3135 158 3202 ⁰1⁰
184 3140 236 3205 Η·
332 3168 490 3236 cluunt
531 3134 586 3235 in
640 3134 954 3236 Lusitania:
985 3132 1254 3270 depositio
1300 3135 1444 3235 beati
1484 3131 1695 3273 AEgydii
1724 3165 1757 3236 e
1785 3164 1929 3271 pago

343 3274 614 3380 Vaozellae
641 3273 865 3381 Ordinis
885 3278 1072 3399 nostri,
1096 3277 1434 3414 poeniteutiae
1455 3297 1509 3378 et
1529 3277 1929 3379 miraculorum

250 3422 390 3525 lama
419 3422 717 3557 conspicui.
742 3424 964 3528 Festum
988 3421 1438 3564 Duplex.Na·tailis
1460 3422 1634 3524 sancti
1660 3418 1929 3525 Bonifacii

251 3566 503 3704 martyris
532 3598 542 3666 :
572 3565 670 3699 qui
697 3566 801 3666 sub
823 3564 1163 3668 Diocletiano
1190 3584 1244 3667 et
1269 3564 1603 3667 Maximiano
1624 3561 1775 3701 apud
1798 3561 1932 3665 Tar·
1978 3612 1983 3621 ·

251 3743 373 3811 sum
386 3707 587 3811 Cilioiae
606 3741 816 3846 passus;
839 3706 1070 3810 Romam
1093 3707 1291 3812 deinde
1311 3706 1715 3832 translatusvia
1736 3705 1930 3809 Latina

252 3854 496 3990 sepultus
517 3870 611 3954 est.
626 3854 685 3955 ln
710 3852 908 3954 Gallia:
924 3855 1093 3954 sancti
1118 3853 1295 3955 Pontii
1317 3853 1585 3991 martyris.
1600 3848 1774 3986 Cujus
1793 3884 1934 3989 prae-

253 3994 529 4098 dicatidne
566 4014 617 4098 et
659 3992 927 4095 industria
967 4015 1258 4133 postquam
1288 3996 1402 4098 duo
1431 3997 1567 4098 Phili
1609 3996 1663 4133 pi
1694 3990 1935 4098 Caesares

253 4138 320 4241 ad
354 4136 522 4242 fidem
549 4137 752 4240 Christi
794 4141 1037 4241 conve‘rsi
1076 4160 1238 4242 sunt:
1269 4141 1385 4278 ipse
1409 4141 1515 4241 sub
1597 4138 1842 4241 aloriano
1882 4155 1936 4242 et

218 4350 222 4358 -
255 4283 507 4386 Gallieno
545 4282 889 4419 principibus
929 4285 1178 4423 martyrii
1206 4285 1441 4421 palmam
1484 4281 1718 4422 adtiptus
1743 4298 1844 4384 cst.
1872 4294 1933 4397 {n

253 4425 440 4566 Syria:
469 4426 786 4528 sanctorum
828 4430 1130 4567 martyrum
1173 4425 1413 4531 Victoris
1452 4445 1506 4530 et
1544 4423 1795 4544 Coromre,
1826 4424 1935 4529 sub

256 4569 536 4673 Antonino
580 4570 925 4705 imperatore.
956 4570 1035 4673 Ex
1077 4573 1284 4706 quibus
1308 4570 1504 4675 Victor
1541 4603 1570 4671 a
1609 4566 1936 4672 Sebastiano

249 4713 435 4845 judice
462 4713 621 4815 variis
641 4730 691 4813 et
716 4712 1004 4815 horrendis
1025 4715 1259 4817 allectus
1280 4734 1359 4817 est
1379 4712 1737 4816 cruciatibus:
1761 4744 1935 4846 quem

256 4855 470 4958 Corona
510 4889 648 4958 uxor
697 4855 978 4991 cujusdam
1027 4860 1226 4977 militi-s,
1255 4893 1380 4961 cum
1423 4861 1668 4996 coepisset
1702 4854 1933 4959 beatum

259 4998 554 5136 praedioaire
580 5001 652 5100 ob
680 5002 926 5140 martyrii
954 5004 1339 5117 constantinum
1368 5000 1506 5141 ridit
1531 4999 1669 5104 duas
1695 4998 1937 5103 coronas

256 5143 324 5248 de
363 5146 493 5247 caelo
533 5145 703 5281 lapsas
733 5176 751 5245 :-
774 5179 942 5245 unam
976 5145 1198 5261 Victori,
1228 5165 1281 5249 et
1307 5148 1529 5249 alteram
1555 5144 1658 5247 sibi
1684 5143 1927 5247 missam.

58 5302 72 5325 '
241 5286 510 5423 Cumque
535 5289 642 5390 hoo
670 5286 1025 5392 audientibus
1056 5292 1270 5393 cunctis
1296 5290 1587 5393 testaretur
1614 5321 1624 5391 :
1653 5287 1771 5427 ipsa
1795 5289 1930 5425 qui-

115 5430 117 5436 *
252 5429 379 5551 dem
428 5433 572 5546 inter
620 5431 838 5543 ¹arbores
880 5435 1056 5551 scissa,
1086 5431 1282 5537 Victor
1322 5468 1445 5538 vero
1482 5430 1782 5537 decollatus
1830 5450 1930 5537 est.
