3990 6082
662 358 1087 467 NOVEMBER.
1602 350 1710 455 249

124 560 229 663 iani
247 559 650 700 Hispanorum.
675 560 786 684 Qui
815 595 942 666 cum
969 564 1025 665 in
1055 563 1437 703 persecutione
1461 558 1712 665 Wandai

124 740 141 804 ι
183 708 240 806 in
280 706 538 809 Arianam
578 704 868 843 perfidiam
908 709 1220 813 nullatenus
1259 707 1534 812 declinare
1564 726 1712 845 pate-

124 866 275 950 rtnr:
314 885 343 951 a
375 850 673 954 Genseri'co
711 884 834 989 rege
874 850 1079 956 Ariano
1121 854 1361 992 primum
1400 853 1707 991 proscripti,

124 992 242 1117 nde
281 998 337 1096 iu
377 997 625 1099 exsilium
665 998 807 1117 acti;
843 1015 1008 1132 atque
1047 999 1392 1100 atrocissimis
1429 998 1709 1135 suppliciis

123 1139 312 1242 roiati:
353 1142 628 1277 postremo
667 1140 879 1245 dive'rso
924 1145 1113 1245 mortis
1159 1148 1354 1277 genere
1394 1141 1707 1280 interempti

124 1300 189 1383 rt.
219 1279 374 1387 Tunc
398 1303 452 1409 et
479 1283 685 1419 Paulilli
718 1287 953 1424 pueruli,
983 1288 1224 1423 germani
1256 1284 1575 1388 sanctorum
1608 1285 1710 1385 Pa·

124 1425 235 1529 iasii
277 1446 330 1530 et
368 1426 726 1566 Eutychiani,
758 1433 1063 1533 constantia
1103 1431 1317 1533 enituit.
1361 1428 1469 1552 Qui
1512 1464 1637 1531 cum
1678 1464 1708 1530 a

126 1603 154 1672 e
194 1567 477 1674 Cathdlica
517 1571 696 1675 divelli
731 1607 839 1675 non
876 1594 1056 1712 posset
1087 1612 1095 1680 :
1125 1574 1362 1677 fustibus
1395 1573 1491 1675 diu
1520 1606 1706 1693 caesus,

124 1713 185 1815 ad
212 1713 461 1817 infimam
486 1717 803 1821 servitutem
831 1717 1127 1820 damnatus
1155 1738 1248 1822 est.
1278 1727 1466 1828 Romae
1495 1749 1504 1817 :
1534 1718 1707 1821 sancti

124 1860 250 1961 colai
302 1860 461 1997 Papae
505 1879 556 1963 et
607 1860 940 1965 confessoris.
992 1862 1231 1971 Turonis
1277 1895 1286 1964 :
1340 1863 1511 1964 sancti
1556 1860 1707 1963 Britii

124 2005 321 2141 tiscopi‚
363 2005 612 2144 discipuli
654 2005 798 2108 beati
840 2007 1058 2108 Martini
1106 2005 1379 2144 Episcopi.
1424 2013 1707 2120 Memoria,
1759 1999 1762 2006 ’
1845 2002 1848 2015 '

129 2149 218 2249 tcti
245 2179 254 2247 :
285 2150 455 2249 sancti
485 2147 718 2285 Eugenii
749 2149 1003 2289 Episcopi
1034 2172 1085 2254 et
1113 2149 1449 2255 confessoris.
1480 2149 1705 2262 Cremo-

124 2322 160 2391 τε
190 2293 363 2395 sancti
391 2291 706 2395 Homobdni
736 2296 1081 2417 confessoris
1101 2329 1269 2432 quem
1295 2293 1570 2398 miraculis
1597 2295 1708 2397 cla·

126 2471 158 2534 n
177 2435 763 2540 lmiocdntinsTcrtius
783 2440 838 2539 in
852 2440 1176 2543 Sanctorum
1192 2443 1488 2541 numerum
1504 2434 1720 2541 retulit.

221 2632 451 2737 Decimo
478 2633 671 2735 octavo
692 2633 962 2737 llale'ndas
985 2634 1301 2739 Decembris
1323 2667 1333 2736 :
1359 2633 1512 2734 Luna
1661 2629 1796 2734 Cvrn

131 2811 1706 2958 bodel'ghiklmnpqrstu

124 2963 1145 3047 25262728t93ult3‘456
1227 2964 1705 3044 789101119

189 3092 1706 3238 nconrronuun

180 3249 226 3324 ll
330 3251 376 3328 -15
477 3251 523 3328 16
625 3250 814 3327 17'18
916 3251 962 3328 l8
1064 3251 1110 3328 lll
1218 3249 1267 3325 ill
1360 3247 1404 3324 “ll
1506 3246 1555 3322 Ὦ
1656 3246 1705 3324 23

125 3438 280 3505 sacrun
304 3404 362 3506 in
387 3403 599 3508 Sicilia:
629 3405 774 3524 beati
801 3404 1027 3507 loannis
1055 3405 1217 3508 Liccii
1249 3399 1570 3505 confessoris
1606 3396 1776 3509 Ornia
1803 3447 1853 3511 n.

143 3546 287 3650 dinis
315 3548 762 3650 Praedicatorum.
786 3547 893 3670 Qui
934 3552 1166 3650 uraxima
1193 3544 1416 3649 dicendi
1443 3543 1701 3646 derebus

128 3692 225 3792 inis
252 3694 323 3812 ri,
353 3695 577 3796 caritate
614 3695 671 3793 in
712 3693 1006 3831 prdxirnos
1035 3693 1244 3796 Rosarii
1284 3690 1698 3828 propagatione,

127 3836 287 3936 nlairis
327 3836 630 3974 discipliuae
668 3838 869 3958 studio
899 3840 1125 3974 aliisque
1160 3835 1459 3939 virtutibus
1487 3834 1701 3970 conspi-

124 4013 167 4080 1s
196 4011 207 4080 :
238 4014 411 4082 anuos
448 4000 610 4084 natus
643 4000 866 4085 eentum
897 4000 949 4084 et
979 3982 1238 4085 undecim
1270 3978 1482 4114 quievit
1506 3979 1564 4079 iu
1594 3975 1703 4078 Do-

124 4156 198 4225 no.
248 4124 467 4230 Festum
509 4126 737 4266 Duplex.
778 4124 1051 4229 Heracle'ae
1088 4130 1146 4226 in
1185 4123 1466 4225 Thracia:
1508 4120 1702 4223 natalis

124 4267 344 4370 ,ctorum
384 4271 689 4409 martyrum
730 4267 1075 4389 Clementini,
1106 4267 1401 4386 Theodoti,
1432 4284 1483 4367 et
1523 4262 1701 4366 Philo-

125 4413 188 4513 ni.
229 4411 610 4517 Alexandriae:
646 4416 817 4518 sancti
857 4412 1167 4552 Serapionis
1208 4411 1476 4550 martyris,
1520 4406 1698 4529 Quom

124 4557 402 4661 secutores
432 4556 816 4661 crudelissimis
855 4559 1160 4661 affecerunt
1186 4555 1469 4695 suppliciis
1493 4585 1504 4673 ;
1533 4552 1606 4653 ita
1637 4570 1701 4651 ut

125 4733 217 4803 nes
257 4705 305 4803 ei
338 4701 629 4837 juncturas
673 4703 1052 4805 membrorum
1092 4703 1245 4840 prius
1291 4701 1579 4813 solventes
1628 4694 1698 4795 de

124 4845 406 4949 terioribus
446 4846 644 4949 domus
682 4881 797 4949 suae
842 4882 970 4949 eum
1015 4844 1427 4983 praecipitarent
1468 4874 1478 4942 :
1527 4859 1580 4942 et
1624 4840 1701 4940 sio

124 4989 226 5093 risti
273 5013 481 5131 martyr
518 4988 845 5096 efficeretur.
893 4992 1126 5126 Gangrae
1168 4991 1223 5089 in
1274 4982 1696 5125 Paphlagonia:

124 5134 197 5236 cti
229 5131 457 5274 Hypatii
481 5135 759 5275 Episcopi.
789 5133 897 5259 Qui
926 5171 956 5238 a
983 5168 1180 5269 magna
1220 5133 1443 5234 Nicaena
1474 5126 1699 5267 Synodo

124 5278 1085 5401 ieuS‚aNoratia11ishaereticisinvia
1108 5276 1379 5416 lapidibus
1395 5273 1697 5411 impetitus:

124 5439 238 5564 rtyr
275 5425 558 5529 occubuit.
592 5422 801 5529 Emcsae
830 5459 841 5529 :
871 5423 1049 5565 passio
1088 5421 1455 5560 plurimarum
1491 5415 1702 5520 sanctii·

124 5601 421 5677 uurrrouoo.
448 5603 596 5676 runo.
1453 5561 1522 5664 32
