3990 6082
152 462 185 563 4

152 736 277 804 rum
316 697 648 834 regulzirium
699 693 883 802 Sancti
934 694 1081 799 Pauli
1127 711 1182 800 et
1230 692 1617 833 Angelicrirum
1660 697 1830 832 virgi-

153 914 287 983 num
328 873 657 982 institutdris
704 906 714 976 :
756 908 927 1011 quern
978 872 1278 977 virtutibus
1315 872 1577 976 dmnibus
1621 891 1679 977 et
1733 876 1832 976 rni-

154 1057 351 1161 rdcuiis
387 1055 655 1190 insignem
701 1051 810 1155 Leo
851 1052 1109 1155 Dc'cirnus
1154 1051 1350 1155 te‘rtins
1402 1051 1547 1154 inter
1600 1049 1833 1155 Sanctus

154 1232 455 1371 adscripsit.
496 1229 631 1366 Ejus
683 1260 884 1368 corpus
941 1226 1238 1333 Medioltini
1276 1228 1331 1329 in
1379 1228 1602 1332 ecclisia
1641 1225 1830 1332 Sancti

152 1410 434 1516 Btirnahae
486 1406 700 1511 cdlitur.
726 1420 952 1521 lf'cstunr
1021 1416 1255 1549 aniex.
1305 1403 1513 1511 Romae
1552 1436 1563 1509 :
1604 1424 1832 1511 sanctae

152 1590 330 1693 Zoae..

227 1768 436 1897 ,Es-nug⁴
476 1757 795 1864 Secundum
835 1759 1103 1866 Marcum.
1137 1758 1193 1859 ln
1234 1758 1326 1861 illo
1364 1761 1648 1897 tdmpore:
1690 1758 1834 1864 dixit

151 1944 306 2047 Jesus
344 1936 623 2076 discipulis
657 1938 784 2041 suis.
832 1934 1095 2074 Quisquis
1139 1967 1255 2037 non
1291 1936 1558 2074 receperit
1591 1969 1834 2073 regnum

152 2118 253 2223 Dei
295 2119 446 2221 velut
488 2114 793 2253 pdrvulus:
841 2146 950 2216 non
1001 2113 1233 2217 intrdbit
1272 2115 1332 2216 in
1370 2110 1527 2218 iilud.
1572 2110 1644 2215 Et
1697 2146 1833 2218 cum

151 2299 393 2435 egre'ssus
421 2308 557 2396 esset
584 2292 642 2392 in
673 2292 850 2395 viam:
883 2294 1211 2430 procurrens
1248 2289 1479 2428 quidam
1507 2323 1657 2427 genn
1686 2292 1831 2396 ssexo

150 2490 278 2577 ante
317 2504 462 2591 eum,
503 2468 730 2605 rogdbat
767 2502 913 2574 eum.
946 2476 1035 2575 ¹'t'u
1076 2485 1281 2574 autem.

156 2796 240 2901 11.
265 2818 349 3052 In
365 2790 929 2927 Tunquinoorienttili
950 2823 960 2894 ε
984 2791 1277 2895 beatdrum
1297 2746 1604 2929 Mdrtyrum
1634 2790 1833 2928 tgnttii

358 2964 601 3106 Delgsido
630 2987 684 3072 ct
718 2968 987 3072 Dominici
1026 2964 1267 3103 Hendres
1298 2968 1708 3111 Episcopdrum
1736 2970 1834 3077 Or·

153 3152 298 3256 dinis
359 3150 821 3255 Praedicatdrurn.
889 3148 999 3274 Qui
1071 3152 1509 3291 persecutidnem
1568 3159 1834 3261 movcntc

155 3329 789 3469 Minh·Manhtyrainno‚
810 3329 988 3468 ccipite
1017 3328 1263 3431 damntiti
1282 3348 1438 3433 sunt:
1461 3331 1615 3471 prior
1646 3350 1835 3438 tamen

151 3508 476 3649 prinsquam
504 3503 575 3610 ad
601 3510 912 3612 extrcrnum
941 3507 1274 3646 supplicium
1306 3508 1637 3632 traherdtun
1667 3513 1839 3649 aegri·

157 3682 353 3787 tridine
378 3718 440 3787 ac
479 3685 737 3788 molestiis
775 3682 1057 3787 consdctus
1098 3685 1404 3824 exspirzivit.
1442 3685 1582 3790 Passi
1611 3707 1750 3791 sunt
1781 3691 1838 3791 in

158 3859 351 3967 eridem
375 3860 756 3999 persecutidne
796 3861 1059 4000 Mdrtyres
1096 3860 1185 3964 stit
1218 3863 1408 3999 viginti
1444 3865 1733 4001 quituor:
1774 3902 1838 3972 ex

160 4040 368 4177 quibus
423 4070 622 4141 novem
679 4036 932 4142 Fratrum
990 4037 1433 4143 Praedicatdrurn
1492 4041 1837 4166 institutum,

153 4233 279 4319 octo
318 4250 445 4320 vero
485 4214 738 4320 Tcrtium
785 4217 958 4319 sancti
1008 4215 1177 4319 Patris
1231 4215 1504 4321 Dominici
1560 4214 1838 4327 Ordinem

155 4393 587 4537 profitebdntur.
633 4401 845 4499 chtnrn
889 4400 904 4497 ,Ι
920 4396 1120 4531 inplet.

236 4584 435 4701 tiranni.
476 4568 688 4675 Videns
724 4569 880 4673 Jesus
920 4570 1131 4689 turbas
1168 4604 1287 4707 pag.
1317 4569 1442 4677 332.

839 4921 1170 5031 OCTOBRl.

228 5338 279 5443 5.
320 5356 493 5455 Primo
536 5356 652 5453 irunt
691 5351 908 5451 (ittfnittr
937 5384 946 5445 :
977 5332 1373 5470 Nlll'ifflbe'l'gsse
1402 5333 1461 5435 iss
1490 5330 1800 5439 Germdnia
1834 5371 1844 5441 :

164 5515 313 5621 beriti
353 5511 670 5655 Raymundi
718 5546 749 5616 a
788 5508 998 5651 Cipua.
1064 5510 1173 5634 Qui
1237 5529 1455 5615 sanctae
1504 5508 1845 5620 Catharinae
