3990 6082
169 383 218 462 'ld
637 313 640 321 ·
727 380 827 460 Dist.
857 380 909 460 ΙΙ.
939 381 995 459 De
1021 380 1282 464 studentibus.

168 542 225 613 θεῖ
252 533 389 614 lilius:
421 536 451 612 si
479 535 520 611 in
547 533 625 611 alio
648 532 851 610 Conventa
891 554 968 609 non
995 543 1054 612 θεῖ
1077 535 1297 635 assignatus
1323 534 1361 608 in
1386 543 1657 635 perpetuum,
1700 539 1770 616 sed
1794 541 1835 617 ad

167 657 339 751 tempus,
364 661 526 752 propter
549 649 739 744 studium,
761 646 820 727 vel
847 647 1020 727 officium
1046 650 1221 751 aliquod.
1248 649 1359 748 Quae
1383 671 1476 728 vero
1494 651 1739 732 hereditario
1757 658 1836 754 jure

165 765 398 864 obtinuerit,
418 767 478 845 vel
502 767 537 844 ei
563 765 796 843 obvenerint
820 795 827 841 :
861 774 978 841 eruut
1000 765 1224 844 Conventus
1251 767 1311 843 sui
1329 764 1551 865 originalis,
1571 767 1733 847 etiamsi
1750 770 1833 850 alte·

168 882 250 959 rius
264 881 488 962 Conventus
516 880 639 960 factus
667 882 719 958 sit
747 880 863 958 tilius.
894 879 934 959 Si
963 902 1054 959 vero
1079 890 1137 959 θεῖ
1163 881 1386 980 assignatus
1414 881 1453 956 in
1483 882 1623 982 aliquo
1639 882 1834 965 Conventa

166 997 417 1097 simpliciter,
440 1021 485 1075 ac
504 1020 575 1096 pro
595 997 662 1074 tali
689 996 838 1073 ibidem
862 998 1176 1098 praesentialiter
1205 1008 1417 1099 receptus;
1448 1008 1486 1076 θῖ
1516 999 1749 1080 Conventus
1775 1004 1833 1083 ille

167 1114 383 1204 consuevit,
407 1131 526 1214 prout
556 1120 723 1206 tenetur,
755 1112 964 1211 providere
990 1113 1134 1193 talibus
1160 1114 1209 1191 de
1239 1123 1322 1192 toto
1349 1114 1464 1202 victu,
1495 1117 1657 1212 vestitu,
1689 1129 1729 1196 et
1753 1119 1833 1197 aliis

167 1228 408 1327 hujusmodi,
430 1238 510 1322 tam
538 1238 716 1328 tempore
743 1228 936 1324 sanitatis,
959 1251 1078 1329 quam
1100 1230 1341 1308 infirmitatis
1363 1230 1571 1310 :divident
1592 1233 1693 1311 baec
1713 1235 1834 1313 taliter

164 1344 359 1443 acquisita
390 1344 554 1422 mobilia
595 1346 732 1445 aequis
768 1345 1021 1444 portionibus
1049 1346 1151 1423 iuter
1177 1345 1450 1439 Conveniam,
1482 1348 1631 1448 inquo
1663 1360 1725 1427 est
1748 1351 1833 1428 assi·

161 1467 317 1558 gnatus,
356 1466 393 1537 et
421 1461 680 1555 (lomentum,
714 1461 825 1559 cujus
852 1470 911 1538 est
935 1460 1053 1539 filius.
1082 1461 1269 1561 Alioquin
1298 1471 1437 1561 quarta
1466 1485 1558 1563 pars
1587 1473 1744 1543 tantum
1768 1467 1833 1545 erit

161 1573 420 1653 Conventus:
452 1575 492 1650 in
519 1599 598 1676 quo
626 1575 860 1676 simpliciter
887 1585 946 1653 est
972 1577 1209 1678 assignatus.
1240 1577 1468 1656 immobilia
1495 1600 1588 1656 vero
1617 1601 1699 1658 non
1731 1581 1829 1659 bore

164 1687 312 1767 ditario
339 1692 427 1789 jure
453 1691 701 1770 obvenientia
724 1713 913 1792 :semper
938 1703 1055 1769 erunt
1081 1692 1317 1788 Conventus,
1339 1697 1452 1795 cujus
1470 1706 1531 1773 est
1548 1693 1670 1775 filius.

216 1812 261 1886 ln
280 1820 448 1913 utroque
476 1823 605 1891 autem
634 1836 738 1910 casu,
756 1812 837 1891 sive
864 1813 1083 1914 assignatur
1110 1813 1355 1913 simpliciter,
1373 1814 1454 1891 sive
1470 1815 1520 1892 ad
1537 1824 1722 1917 tempus:
1742 1815 1826 1894 Con·

167 1937 317 2015 ventus,
339 1928 403 2005 cui
430 1928 650 2030 assignatus
666 1929 796 2024 luerit,
821 1937 858 2006 et
878 1930 886 2002 i
894 1951 961 2029 pse
989 1928 1117 2005 eidem
1136 1930 1353 2007 Conventui
1372 1930 1419 2005 ad
1441 1927 1627 2031 suffragia
1645 1941 1821 2010 teneatur.

167 2040 209 2119 Si
237 2052 366 2119 autem
397 2067 444 2120 ex
470 2067 549 2144 quo
574 2045 642 2120 alii
671 2045 897 2123 Provinciae
923 2045 1145 2145 assignatus
1175 2044 1306 2138 inerit,
1334 2045 1465 2144 ipsum
1491 2049 1593 2124 mori
1623 2049 1821 2150 contingat,

167 2166 378 2258 antequam
405 2170 512 2238 certo
534 2160 751 2239 Conventui
779 2160 1017 2260 deputetur;
1046 2160 1159 2238 Prior
1185 2159 1360 2259 eiusdem
1385 2161 1618 2240 Provinciae
1639 2164 1821 2264 provideat

167 2273 293 2350 eidem
327 2275 376 2352 de
403 2276 620 2370 Conventa,
660 2279 727 2377 qui
758 2278 834 2355 sibi
864 2277 914 2353 ad
943 2274 1125 2375 suffragia
1154 2287 1360 2354 teneatur:
1389 2300 1437 2354 ne
1475 2281 1679 2357 consuetis
1708 2279 1820 2357 delirr-

167 2400 319 2467 ctorum
340 2392 526 2470 subsidiis
545 2394 809 2473 detraudetur.

215 2504 324 2582 Circa
352 2520 481 2585 autem
509 2532 590 2604 eos,
611 2510 679 2609 qui
708 2509 882 2600 student,
901 2506 1030 2586 taliter
1053 2507 1303 2607 dispensetur
1325 2528 1347 2583 a
1374 2506 1554 2586 Praelato
1575 2536 1584 2582 :
1609 2530 1659 2586 ne
1679 2523 1818 2610 propter

163 2618 351 2716 officium,
387 2623 448 2700 vel
476 2623 600 2718 aliud,
628 2624 677 2701 de
702 2623 808 2700 facili
836 2623 1006 2701 astudio
1037 2621 1290 2700 retrahantur
1320 2621 1380 2699 vel
1407 2623 1690 2722 impediantur.
1716 2624 1816 2702 Locris

160 2758 254 2814 vero
278 2738 477 2838 proprius,
499 2739 716 2817 secundum
735 2740 839 2840 quod
868 2739 1052 2838 Magistro
1080 2736 1332 2818 studentium
1357 2737 1571 2835 videbitur,
1613 2750 1791 2819 statuatur
1805 2766 1813 2829 ;

161 2851 206 2927 in
234 2875 313 2952 quo
340 2863 429 2954 post
456 2856 776 2955 disputationem,
812 2861 877 2931 aut
902 2854 1102 2955 Vesperas,
1140 2852 1199 2930 vel
1239 2853 1358 2930 etiarn
1385 2852 1462 2933 alio
1488 2860 1685 2956 tempore,
1721 2864 1816 2957 prout

165 2968 371 3064 vacaverit,
393 2969 444 3046 ad
470 2970 750 3068 dubitationes,
775 2971 835 3049 vel
863 2971 1113 3071 quaestiones
1141 2967 1431 3069 proponendas,
1452 2968 1514 3047 vel
1529 2970 1758 3050 collationes
1774 2968 1814 3046 fr·

165 3084 339 3180 ciendae,
361 3086 449 3185 ipso
468 3095 684 3185 praesente,
705 3087 942 3165 conveniant
963 3115 969 3162 :
1002 3094 1040 3164 θῖ
1058 3107 1137 3162 uno
1156 3093 1370 3185 quaerente,
1392 3085 1472 3162 sive
1490 3096 1747 3186 proponente,
1762 3086 1813 3162 alii

162 3205 327 3296 taceant,
354 3224 402 3278 ne
422 3202 647 3303 loquentem
674 3203 903 3304 impediant.
924 3202 965 3281 Si
993 3202 1083 3302 quis
1102 3211 1232 3278 autern
1260 3200 1480 3294 inhoneste,
1500 3198 1561 3279 vel
1582 3200 1812 3298 conluserit!

162 3318 346 3411 clamose,
367 3316 427 3394 vel
448 3328 627 3418 proterve
645 3319 935 3420 quaerens‚vel
961 3337 1203 3419 proponens,
1225 3316 1285 3392 vel
1316 3315 1575 3415 respondeus,
1596 3317 1809 3397 offenderit:

163 3433 292 3509 statim
317 3433 366 3509 ab
391 3456 450 3527 eo,
471 3436 539 3535 qui
568 3446 660 3513 tunc
684 3428 876 3515 intereos
899 3444 1066 3535 praeest,
1096 3432 1351 3530 corripiatur.
1372 3431 1516 3527 Cellae,
1546 3435 1694 3534 quibus
1717 3433 1811 3534 blagi-

163 3555 244 3624 stro
267 3548 516 3627 Studentium
541 3552 726 3651 expedire
754 3551 962 3644 videbitur,
982 3550 1241 3649 assignentur.
1264 3546 1425 3645 Quodsi
1448 3546 1596 3648 aliquis
1618 3551 1809 3629 infructuo-

161 3685 227 3739 sus
270 3662 310 3738 in
338 3666 468 3742 studio
496 3666 718 3744 inveniatur
753 3663 889 3743 :cella
910 3668 994 3765 eJus
1021 3662 1302 3755 deturalteri,
1328 3662 1476 3760 etipse
1504 3664 1546 3740 in
1575 3665 1665 3744 aliis
1692 3664 1809 3745 officiis

157 3789 383 3877 occupetur.
399 3784 444 3856 ln
460 3780 569 3858 cellis
590 3805 680 3860 vero
698 3783 884 3877 scribere,
908 3782 1049 3881 legere,
1069 3801 1197 3873 orare,
1217 3779 1393 3856 dormire
1416 3806 1423 3854 :
1446 3788 1484 3856 et
1506 3780 1627 3858 etiam
1651 3782 1700 3860 de
1718 3792 1809 3858 nocte

156 3893 316 3994 vigilare
337 3896 387 3972 ad
407 3895 539 3974 lumen
562 3911 741 3997 possunt,
762 3900 829 3998 qui
852 3898 1002 3991 volunt,
1024 3904 1185 3996 propter
1204 3892 1393 3972 studium.

207 4008 342 4087 Nullus
362 4012 427 4087 liat
447 4011 629 4111 publicus
656 4014 814 4105 Ductor,
836 4035 908 4089 nec
927 4013 1102 4112 disputet
1128 4039 1135 4085 :
1156 4009 1229 4085 nisi
1249 4009 1299 4085 de
1319 4008 1474 4089 licentia
1501 4012 1650 4091 Prioris
1676 4013 1808 4091 Provir·

153 4124 293 4218 cialis,
327 4136 366 4202 θῖ
395 4127 652 4206 Definitorum
683 4128 852 4229 Capituli
878 4126 1149 4207 Provincialis.
1183 4125 1261 4203 Neo
1294 4124 1443 4225 aliquis
1469 4127 1725 4223 habilitetur,
1758 4134 1809 4206 aut

151 4241 373 4339 assignetur
407 4244 445 4317 in
472 4242 601 4345 aliqua
633 4246 892 4324 Universitate
915 4244 964 4320 ad
988 4241 1197 4342 legendum
1229 4263 1300 4340 pro
1328 4242 1467 4338 forma,
1496 4258 1535 4322 et
1561 4249 1685 4347 gradu
1710 4245 1807 4346 blagi-

155 4357 261 4433 sterii
288 4357 328 4431 in
357 4356 572 4461 Theologia
598 4391 605 4436 :
630 4362 704 4437 nisi
732 4363 782 4438 sit
811 4360 1011 4437 sufficiens
1030 4359 1081 4435 ad
1110 4358 1312 4434 Lecturam
1343 4358 1571 4457 huiusmodi
1600 4363 1808 4441 solemniter

155 4471 451 4571 perficiendam.
475 4475 550 4552 Nec
577 4477 721 4578 aliquis
747 4478 811 4553 irat
833 4477 1012 4573 Magister
1037 4475 1075 4548 in
1101 4472 1328 4571 theologia,
1354 4475 1422 4573 qui
1444 4497 1522 4552 non
1549 4477 1601 4554 sit
1624 4479 1757 4556 aetatis
1770 4474 1808 4552 ad

157 4588 288 4664 minus
313 4589 473 4689 triginta
501 4615 693 4670 annorum
716 4623 722 4668 :
743 4601 781 4670 θῖ
807 4593 881 4670 εἰεί
906 4594 956 4669 sit
979 4589 1178 4668 sufficiens
1200 4587 1248 4663 ad
1275 4588 1363 4682 boc,
1385 4599 1427 4666 ut
1445 4589 1496 4668 sit
1523 4592 1677 4693 Regens
1695 4595 1732 4669 in
1753 4590 1809 4668 ali·

158 4725 237 4802 quo
265 4704 396 4782 studio
424 4707 619 4802 Generali,
656 4709 720 4785 ubi
755 4709 855 4807 viget
880 4709 921 4784 in
951 4707 1111 4784 veritate
1137 4702 1312 4780 studium
1339 4704 1592 4806 'theologiae
1621 4708 1809 4787 iudicetur

156 4828 285 4895 autem
314 4819 546 4900 sufficientia
571 4825 679 4918 haec,
703 4825 777 4902 nisi
804 4826 853 4901 sit
873 4823 1092 4911 manifesta,
1116 4841 1185 4918 per
1202 4819 1528 4911 Examinatores;
1557 4825 1625 4923 qui
1650 4824 1810 4903 absolute

159 4932 341 5030 referant,
363 4946 433 5030 est,
456 4937 514 5014 vel
534 4961 611 5016 non
636 4952 707 5033 est,
735 4941 886 5040 judicio
912 4947 1047 5016 nostro
1067 4933 1264 5013 sufficiens
1289 4933 1339 5011 ad
1367 4935 1579 5036 legendum
1596 4939 1809 5018 solemniter

158 5051 373 5129 sententias
395 5082 401 5127 :
423 5052 480 5128 vel
499 5065 540 5129 ut
560 5055 611 5132 sit
631 5055 781 5157 Regens
799 5057 838 5132 in
867 5057 1011 5149 studio,
1029 5053 1096 5131 ubi
1122 5052 1161 5126 in
1188 5051 1348 5127 veritate
1371 5055 1473 5150 viget
1496 5054 1673 5132 studium
1697 5056 1809 5133 l'beo·

156 5162 294 5265 logias.
319 5167 365 5244 Et
384 5169 641 5247 nibilominus
661 5195 731 5271 per
756 5196 847 5249 suae
866 5172 1093 5250 Provinciae
1115 5165 1359 5244 Provinciale
1379 5167 1622 5267 Capitulum,
1644 5172 1701 5249 vel
1720 5170 1811 5247 illius

156 5279 432 5361 Definitorium
468 5285 517 5362 sit
541 5289 742 5387 expositus
774 5317 781 5363 :
818 5300 898 5366 eta
927 5288 1114 5388 Magistro
1141 5280 1320 5376 Ordinis,
1353 5282 1410 5359 vel
1435 5282 1617 5383 Capitulo
1645 5283 1810 5365 Generali

151 5401 427 5477 tantummodo
447 5401 635 5500 assignari
655 5403 715 5480 vel
733 5404 929 5483 licentiari
952 5403 1090 5503 possit.

210 5511 365 5613 Siquis
392 5530 522 5594 autem
550 5520 700 5621 absque
724 5523 851 5600 dictae
880 5519 1135 5599 sufficientiae
1169 5512 1352 5615 judicio,
1394 5513 1742 5607 Baccalaureatus‚
1766 5512 1815 5593 vel
